3150 5080
685 654 728 720 35

197 871 230 932 et
251 866 385 935 Photius
408 867 493 932 int-er
516 886 550 931 se
574 865 751 949 comparati
775 865 891 930 docent
918 885 990 928 eum
1017 863 1207 948 Aristopha-

196 1007 269 1052 nem
293 993 327 1052 et
349 985 561 1052 Menandrum
582 983 729 1068 inprimis
751 983 785 1049 in
809 982 929 1048 deliciis
952 980 1119 1060 habuisse,
1135 1003 1208 1067 per·

197 1111 294 1188 petuo
317 1104 462 1172 Platonis
486 1104 626 1170 studium
650 1104 851 1170 coniunxisse
875 1124 947 1170 cum
963 1103 1069 1168 studio
1085 1101 1208 1188 Thucy·

198 1222 297 1298 didis,
334 1221 574 1309 Xenophontis,
606 1221 845 1299 Demosthenis,
877 1219 1052 1287 Homerum
1081 1241 1208 1305 quoque

199 1345 231 1406 et
261 1339 459 1406 Herodotum
490 1341 617 1423 saepius
647 1339 821 1417 laudasse3
853 1359 989 1422 quorum
1018 1339 1231 1406 testimoniis

199 1461 438 1526 observationes
464 1481 538 1525 snas
562 1458 602 1525 de
625 1457 763 1524 dialecto
786 1459 886 1524 attica
909 1467 1007 1544 atque
1029 1459 1154 1538 ionica,
1177 1465 1210 1526 et

201 1581 241 1644 de
265 1579 427 1644 nominum
451 1578 621 1662 generibus
642 1575 780 1644 ornabat
793 1577 1058 1662 illustrabatque3
1075 1579 1210 1644 curabat

199 1705 370 1782 praeterea
393 1703 562 1775 accentus;
588 1697 627 1762 de
651 1696 747 1762 variis
770 1697 939 1763 verborum
956 1697 1122 1781 scripturis
1137 1717 1209 1780 age·

198 1815 271 1894 bat3
305 1816 482 1881 adnotabat
513 1815 553 1880 de
585 1815 743 1880 mensium
771 1814 970 1892 nominibus;
996 1836 1079 1900 quae
1103 1815 1210 1880 omnia

198 1935 449 2019 quotiescunque
474 1935 561 2019 apud
585 1934 733 2000 Photium
754 1940 786 2002 et
806 1933 1009 2000 Eustathium
1025 1939 1209 2010 occurrunt,

201 2054 280 2120 satis
304 2052 517 2137 probabiliter
539 2053 581 2119 ad
605 2053 792 2138 Dionysium
815 2051 1005 2130 referuntur,
1022 2053 1209 2138 praesertim

99 2149 101 2154 ¹
202 2194 273 2238 cum
298 2178 431 2240 externa
453 2173 573 2238 indicia
595 2173 770 2251 accedunt,
793 2193 819 2237 e.
843 2193 869 2239 c.
889 2177 1010 2237 aeaeae
1028 2171 1077 2238 vel
1092 2173 1210 2250 λέγουσι

200 2297 233 2356 et
262 2294 299 2363 ὥς
328 2295 429 2369 ἡμεῖς,
456 2292 573 2376 quibus
605 2295 811 2375 opponuntur
841 2291 865 2355 ci
893 2291 1018 2356 nataret
1042 2290 1089 2356 vel
1112 2291 1137 2356 οἱ
1161 2292 1210 2386 rip-

200 2417 298 2489 χαῖοι,
332 2431 415 2494 quae
448 2410 545 2474 verba
568 2410 713 2494 Dionysii
736 2409 875 2494 glossam
899 2430 969 2474 esse
993 2415 1140 2495 arguunt
1163 2410 1211 2478 cf.

199 2526 315 2595 Naber.
339 2527 461 2612 Proleg.
485 2549 536 2612 pg.
561 2527 621 2604 25,
645 2529 705 2612 26,
730 2527 790 2611 33,
815 2527 876 2605 36,
900 2527 959 2606 373
984 2526 1134 2612 Goslings
1159 2551 1211 2613 pg.

200 2645 261 2724 283
293 2645 453 2714 Schwartz
484 2667 535 2729 pg.
567 2645 627 2725 385
652 2645 841 2712 Eustathius
874 2645 955 2722 813,
982 2645 1026 2710 44
1049 2652 1081 2711 et
1108 2646 1211 2724 1390,

201 2764 262 2843 50;
292 2764 474 2850 Boysenus‚
507 2765 546 2829 de
570 2763 836 2848 Harpocrationis
860 2764 953 2830 lexici
977 2763 1135 2843 fontibus,
1160 2789 1209 2854 pg.

202 2883 263 2963 55,
286 2885 341 2967 qui
364 2905 429 2949 non
453 2884 585 2949 nimium
605 2882 760 2949 formulae
784 2882 865 2946 κατὰ
880 2883 946 2953 τοὺς
962 2885 1107 2955 arctabar
1124 2886 1210 2968 apud

202 3001 406 3068 Eustathium
439 3002 645 3066 tribuendum
675 3021 744 3067 esse
777 3009 903 3080 monet,
933 3007 966 3066 et
988 3001 1105 3068 certius
1128 3003 1212 3080 notis

203 3119 287 3200 napa
302 3127 361 3192 τοῖς
378 3124 522 3191 Ἀττικοῖς
538 3119 589 3184 vel
600 3119 677 3194 λέξις
691 3120 814 3194 Ἀττική
827 3120 961 3185 indicari
975 3120 1150 3186 Atticistas
1168 3159 1212 3170 -

202 3237 304 3303 Multo
335 3237 495 3304 difficilior
525 3259 578 3303 res
600 3243 665 3312 est,
690 3236 745 3332 ubi
767 3239 873 3322 agitur
896 3239 935 3304 de
957 3239 1026 3304 iure
1049 3239 1157 3305 Attico
1180 3250 1213 3306 et

203 3357 244 3422 de
274 3357 366 3423 festis
395 3356 607 3436 Graecorum
639 3357 826 3442 Dionysium
853 3357 892 3422 de
916 3356 965 3422 his
990 3356 1106 3424 dixisse
1131 3358 1212 3423 Pho-

202 3475 281 3541 tium
304 3479 419 3541 testem
442 3474 615 3553 habemus3
635 3495 744 3540 verum
761 3475 938 3540 Pausanias
956 3489 1083 3559 quoque
1099 3476 1212 3543 eadem

202 3593 376 3660 tractanda
412 3593 473 3658 sibi
507 3599 686 3674 sumserat,
717 3594 802 3658 unde
834 3593 954 3659 factum
986 3601 1053 3674 est,
1083 3602 1120 3660 ut
1148 3617 1213 3662 non

204 3732 330 3796 semper
360 3732 493 3795 prorsus
524 3715 666 3792 constet,
695 3711 760 3777 utri
791 3712 873 3777 haec
902 3711 996 3778 illave
1028 3714 1136 3797 glossa
1149 3716 1212 3780 ,tri-

202 3829 332 3895 buenda
356 3829 404 3894 sit
450 3827 547 3895 Cuius
570 3830 617 3896 rei
639 3830 835 3896 luculentum
859 3832 1038 3915 exemplum
1055 3832 1211 3900 habemus

203 3947 237 4012 in
267 3947 385 4012 Lexico
414 3947 575 4013 rhetorico
605 3948 742 4014 Beklreri
766 3949 943 4034 (anecdota
965 3949 1090 4016 Graeca
1112 3951 1136 4016 Ι.
1161 3973 1212 4036 pg.

209 4068 268 4132 197
305 4070 416 4151 seqq.).
462 4066 674 4132 Continentur
705 4068 765 4134 hoc
796 4069 898 4134 lexico
931 4075 1059 4153 praeter
1089 4071 1213 4154 glossas

205 4183 456 4268 Diogenianeas,
478 4186 517 4250 de
534 4185 650 4268 quibus
667 4207 776 4252 omnes
793 4186 1013 4264 consentiunt,
1030 4187 1113 4253 aliae
1130 4209 1212 4254 com·

204 4302 330 4386 plures,
363 4323 445 4387 quae
473 4304 590 4387 partim
619 4312 706 4370 certe
729 4304 907 4370 Pausaniae
931 4306 1119 4372 tribuendae
1142 4329 1213 4374 esse

1082 4425 1116 4474 3*
