3154 5074
689 625 731 689 73

206 831 311 898 bebai.
336 830 375 898 of.
398 831 505 910 (lehn,
531 831 571 896 de
595 832 812 916 Aristophane
835 833 990 919 Byzantio
1015 839 1047 899 et
1063 833 1213 900 Suetonio

207 950 390 1035 Tranquillo
426 950 576 1017 Eustathi
610 951 795 1016 auctoribus
826 973 877 1036 pg.
909 953 971 1017 341
1005 973 1093 1036 seqq.
1132 953 1215 1018 Hine

207 1089 299 1134 nemo
335 1089 393 1153 pro
431 1073 517 1133 certo
553 1066 713 1133 affirmare
744 1070 879 1153 poterit,
912 1090 989 1160 qna,
1007 1071 1057 1135 via
1080 1069 1159 1136 haec
1180 1071 1215 1135 in

208 1185 337 1252 Scholia
359 1184 528 1266 fluxerint,
558 1193 663 1253 utrum
686 1207 745 1270 per
767 1187 941 1266 Boethum‚
966 1209 1049 1272 quae
1072 1193 1121 1253 est
1145 1209 1215 1254 sen·
1291 1277 1294 1282 Ι

205 1305 308 1370 ansa
342 1282 459 1370 Nassa
495 1305 536 1369 aa
568 1304 659 1371 Paos
691 1328 718 1370 v.
749 1305 886 1384 αππιαν
920 1306 967 1390 (11
999 1326 1051 1391 pg.
1084 1306 1160 1389 260)
1183 1311 1216 1372 a

206 1422 320 1489 Gohnii
351 1423 391 1488 l.l.
422 1445 475 1508 pg.
508 1422 590 1501 356,
622 1423 703 1498 361,
728 1442 769 1487 an
792 1443 832 1488 ex
854 1423 925 1506 ipso
951 1420 1095 1489 Suetonii
1117 1423 1216 1502 libro,

207 1542 292 1625 qnod
316 1549 432 1627 putant
460 1541 677 1620 Mattauerus,
701 1541 741 1606 de
764 1540 908 1607 Platonis
933 1540 1131 1608 Seholiorum
1146 1541 1216 1607 fon-

207 1660 292 1727 tibus
325 1683 376 1744 pg.
402 1662 465 1726 119
495 1667 527 1726 et
549 1659 583 1727 G.
606 1660 744 1738 Robore,
769 1658 972 1726 Grieohische
995 1660 1216 1745 Kindorspiele

208 1780 265 1844 auf
293 1779 414 1858 Vasen,
446 1780 652 1864 Archaeolog.
684 1779 761 1846 Zeita
796 1779 880 1845 1879
906 1803 956 1864 pg.
982 1779 1025 1845 80
1049 1786 1114 1847 not.
1138 1779 1216 1845 Loei

207 1899 332 1964 laudati
362 1905 436 1965 sunt
466 1899 558 1964 Hom.
591 1899 702 1984 Odyss.
726 1900 920 1979 θε372-6,
943 1899 1038 1966 Mein.
1061 1899 1148 1967 Gom.
1175 1899 1216 1964 11.

210 2017 282 2084 150.
305 2017 344 2084 of.
368 2018 484 2084 Nabar.
507 2017 550 2084 ad
571 2019 662 2086 Phol.
686 2041 713 2084 v.
736 2018 794 2092 θνος
820 2019 920 2100 λύρας.

252 2135 357 2202 schol,
390 2136 529 2222 Sophiste
562 2137 678 2202 22οΑ
707 2135 821 2203 άττα·
850 2142 934 2202 τοῦτο
960 2135 1133 2218 φιλούμενον
1162 2137 1216 2214 μὲν

208 2253 274 2320 τινά
300 2256 454 2331 σημαίνει,
478 2256 666 2333 δασυνόμενον
688 2254 719 2322 δέ
741 2254 846 2340 άτινα,
869 2259 906 2328 ὥς
930 2255 1115 2334 Δημοσθένης
1139 2255 1220 2330 δηλοῖ

209 2377 237 2438 ἐν
260 2376 300 2456 τῷ
323 2383 375 2449 τῆς
398 2375 656 2455 παραπρεσβείας·
681 2376 695 2440 ὁ
717 2377 747 2440 δὲ
769 2375 936 2453 πρεσβεύων
956 2376 1099 2456 Αἰσχίνης
1120 2375 1214 2441 οὑτοσὶ

208 2494 294 2560 ἐλθὼν
320 2500 381 2567 πῶς
410 2495 463 2571 μὲν
494 2493 544 2559 καί
571 2491 653 2560 άττα
675 2495 746 2560 ποτὲ
768 2493 920 2576 διελίχθηρ
945 2493 1032 2559 ε’νίοτε
1056 2493 1085 2558 δὲ
1109 2495 1142 2557 ἐκ
1165 2497 1215 2558 τοῦ

208 2620 342 2694 περισσοῦ
369 2614 569 2694 προστίθεται,
599 2615 636 2685 ὡς
667 2614 696 2678 ἐν
722 2617 763 2695 τῷ
796 2614 909 2694 Χείρωνι
934 2613 1129 2693 Φερεκράτης·
1155 2620 1215 2682 τοῖς

208 2733 279 2799 δέκα
308 2734 464 2800 ταλάντοις
495 2731 578 2799 ἄλλα
608 2736 784 2816 προστιθείς,
809 2735 885 2816 ἔφη,
914 2731 996 2798 ἄττα
1019 2733 1216 2807 πεντήκοντα.

208 2854 284 2918 οὐδὲν
314 2853 374 2933 γάρ
404 2853 537 2929 σημαίνει
569 2853 694 2919 ἐνταῦθα
727 2853 760 2918 τὸ
790 2851 882 2918 άττα.
918 2852 1130 2934 Ἀριστοφάνης
1160 2860 1218 2917 Νε-

208 2972 331 3052 φίλαις·

343 3090 420 3164 ὅστις
442 3091 675 3172 σκαλαθυρμάτι’
697 3091 779 3158 άττα
802 3093 893 3169 μικρά
916 3090 1076 3168 μανθάνων.

208 3212 410 3292 Ἐρατοσθένης
434 3212 463 3276 δὲ
485 3218 619 3293 χρονικιθς
644 3212 717 3276 αθτθ
739 3221 812 3293 φησι
840 3209 1149 3288 παραλαμβάνεσθαι·

342 3333 431 3396 πυθοῦ
453 3329 575 3411 χελιδὼν
598 3329 695 3407 πηνίκ’
718 3330 800 3396 άττα
822 3329 972 3413 φαίνεται.

208 3449 258 3514 καί
281 3447 388 3514 πάλιν·

343 3568 451 3643 ὁπηνίκ’
473 3566 538 3633 ἄτθ’
562 3570 643 3647 ὑμεῖς
666 3571 782 3636 κοπιάτ’
806 3569 982 3648 ὀρχούμενοι.

253 3686 342 3752 Haeo
373 3687 529 3753 Boethnm
563 3686 709 3753 debuisse
734 3687 916 3772 Pamphilo,
940 3686 1145 3771 Pamphilum
1168 3687 1219 3751 Di-

208 3808 319 3891 dymo,
343 3808 398 3891 qui
421 3807 665 3874 Eratosthenem
687 3807 885 3891 usurpabat,
913 3827 977 3872 non
1000 3813 1050 3873 est
1075 3807 1140 3872 veri
1155 3806 1219 3872 dis-

209 3927 318 3992 simile.
355 3924 526 3992 contracte
551 3925 663 3991 eadem
687 3925 838 4009 leguntur
860 3925 894 3989 in
918 3930 1013 3990 sexto
1036 3923 1096 3989 lex.
1120 3924 1218 3989 Belrlr.

208 4045 284 4125 461,
307 4047 328 4110 5
352 4052 384 4111 et
406 4045 492 4130 apud
516 4044 663 4111 Suidam:
688 4045 805 4110 άττα·
830 4045 858 4108 ἕν
874 4043 903 4108 δὲ
921 4046 962 4125 τῷ
978 4043 1219 4125 παραπρεσβείας

208 4163 389 4242 Δημοσθένης
421 4165 467 4228 ε’πί
494 4169 544 4228 τοῦ
568 4159 624 4228 ίσα
646 4163 741 4240 ἔλαβε
766 4159 818 4236 την
842 4161 930 4239 λε’ξιν.
954 4167 1010 4227 τῶν
1033 4163 1062 4227 δὲ
1085 4168 1239 4238 κωμικῶν“

207 4309 251 4356 τις
285 4285 318 4350 τὸ
352 4283 434 4349 άττα
468 4285 515 4348 ἐπὶ
555 4283 673 4363 άριθμοῦ
705 4281 825 4361 ἔταξεν,
857 4279 948 4364 ἕτερος
979 4281 1008 4347 δὲ
1039 4281 1086 4347 ἐπί
1109 4282 1219 4363 χρόνον.
