3154 5074
863 613 906 678 64

322 799 325 806 ¹
375 845 512 912 quorum
547 823 680 892 Photius
713 823 748 890 in
780 821 999 890 Bibliothecae
1033 821 1103 888 cod.
1140 822 1200 887 151
1236 823 1271 888 in
1301 822 1389 888 hunc

376 945 505 1012 modum
537 944 695 1010 meminit:
723 943 904 1022 Ἀνεγνοέσέν
928 942 953 1006 δ’
977 943 1006 1007 έν
1027 943 1069 1022 τῷ
1094 945 1173 1024 αὐτῷ
1196 943 1299 1022 τεύχει
1323 941 1390 1025 (Τὶ-

377 1064 460 1132 maei
482 1063 563 1149 soil.)
587 1064 635 1128 xa>
659 1064 761 1138 Βοηθοῦ
784 1061 888 1139 λέξεων
911 1067 1105 1128 Πλατωνικῶν
1123 1063 1285 1139 sosarmo
1304 1063 1390 1126 κατὰ

376 1189 520 1264 στοιχεῖον
554 1185 655 1263 πολλῷ
689 1190 741 1257 τῆς
775 1181 904 1256 Τιμαίου
939 1188 1118 1258 συναγωγῆς
1154 1181 1390 1260 χρησιμώτερον·

377 1307 543 1382 προσφωνεῖ
566 1298 596 1365 δὲ
621 1299 770 1381 Μελέντρ
792 1300 845 1366 τινὶ
868 1301 901 1366 τὸ
927 1297 1158 1377 συνταγμάτων.
1182 1299 1340 1374 Συνετοέγη
1363 1299 1389 1363 δ’

340 1401 345 1412 ⁵
378 1421 458 1502 αὐτῷ
480 1419 530 1486 καὶ
553 1417 646 1498 έτερέν
668 1444 696 1485 τι
720 1418 902 1500 ’Λένναγέρρι
924 1417 1175 1500 προσφωνυύμενον
1195 1417 1390 1494 assuescas-

377 1561 435 1604 τιον
457 1535 471 1602 ὃ
495 1535 558 1614 περὶ
582 1543 637 1601 τῶν
661 1536 744 1617 παρὰ
766 1535 902 1602 Πλοὶτωνι
924 1537 1121 1616 ἀπορουμένων
1140 1535 1245 1613 λέξεων
1265 1535 1392 1616 έπιγροέ-

377 1661 446 1737 Φει·
479 1651 515 1719 ὦν
545 1651 573 1720 εἴ
600 1678 646 1726 τις
675 1655 733 1726 τὰς
764 1653 857 1731 λέξεις
888 1655 928 1726 εἷς
951 1652 979 1719 ἓν
1003 1653 1168 1733 συναγοέγοι
1190 1656 1392 1720 συνεντοὶσσων

378 1772 428 1852 aci
451 1774 508 1846 τὰς
530 1774 716 1851 συνηγμένος
739 1773 876 1853 Τιμαέιρ,
899 1773 1116 1854 ἀπηρτισμένην
1138 1773 1321 1853 παράσχοιτο
1337 1773 1392 1844 τὴν

378 1891 523 1972 ὠφέλειαν
546 1899 604 1963 τοῖς
627 1893 668 1957 τοι
690 1890 848 1962 Πλάτωνος
871 1892 1078 1968 ἀναγινώσκειν
1103 1891 1251 1956 ἐθέλουσιν.
1296 1890 1392 1956 Hane

378 2010 579 2076 utilissimam
604 2031 734 2094 operam
757 2011 862 2095 ipsum
884 2009 1032 2076 Photium
1048 2010 1247 2094 praestitisse
1263 2031 1391 2076 summo

380 2129 449 2196 iure
465 2128 629 2194 contendit
645 2128 784 2196 Gobetns
802 2127 920 2194 hinem.
937 2127 984 2194 IX
1000 2149 1052 2212 pg.
1065 2129 1129 2194 399
1143 2148 1211 2212 sqq.
1224 2126 1273 2213 (a0
1288 2127 1392 2212 1860)
1458 2177 1460 2182 .

379 2246 597 2314 demonstrato
620 2247 653 2312 in
677 2246 836 2314 Photiana
858 2246 964 2324 λέξεων
982 2257 1142 2326 συναγωγῇ
1159 2253 1288 2330 praeter
1302 2247 1391 2311 leves

379 2369 411 2430 et
441 2364 539 2430 exiles
575 2363 696 2430 Timaei
726 2365 963 2432 observationes
994 2365 1059 2430 alia
1091 2365 1256 2431 Platonica
1284 2365 1392 2430 inesse

379 2483 507 2568 egregia
526 2488 558 2548 et
577 2483 762 2567 praeclara,
782 2484 915 2550 laudato
935 2484 1050 2550 deinde
1070 2484 1130 2550 hoc
1147 2484 1216 2550 loco
1233 2503 1251 2549 e
1267 2483 1393 2549 Biblio-

379 2602 491 2688 theca,
521 2604 606 2668 nnde
636 2608 810 2687 appareat,
833 2602 981 2668 Photium
1005 2602 1119 2668 Boethi
1141 2600 1235 2679 λέξεις
1258 2613 1388 2668 Πλατω-

380 2723 459 2794 νικὰς
483 2721 607 2788 novisse
626 2741 799 2806 earumque
815 2721 989 2787 bonitatem
1006 2726 1207 2806 perspectam
1223 2721 1387 2792 habuisse.

379 2839 493 2922 Itaque
520 2835 656 2904 fidenter
678 2839 725 2904 vir
748 2860 890 2905 summus
914 2837 1071 2905 affirmat:
1108 2838 1208 2904 Nemo
1232 2847 1388 2922 punctum

381 2958 535 3042 temporie
558 2956 706 3024 dubitare
721 2963 843 3042 potest,
860 2958 936 3041 quin
952 2957 1101 3037 Photide,
1119 2959 1174 3041 qui
1189 2958 1259 3042 ipse
1274 2978 1389 3022 monu-

379 3074 459 3140 isset
498 3073 642 3140 Platonis
682 3073 855 3140 lectoribus
895 3074 1097 3141 utilissimum
1132 3075 1219 3154 fore,
1255 3077 1281 3140 ai
1317 3075 1391 3160 quis

380 3190 494 3258 Boethi
527 3191 619 3269 λέξεις
653 3214 694 3258 ex
727 3198 863 3277 unoque
896 3193 979 3258 libro
1003 3193 1210 3278 coniungeret
1232 3195 1265 3258 in
1289 3216 1390 3260 unum

380 3310 484 3393 iisque
519 3308 612 3386 λέξεις
646 3309 768 3376 Timaei
802 3331 859 3376 suo
890 3331 1050 3395 quamque
1082 3312 1154 3377 loco
1183 3312 1391 3396 adiungeret,

382 3427 476 3513 quin,
498 3428 644 3511 inquam,
667 3427 800 3493 Photide
822 3427 892 3510 ipse
914 3427 1008 3506 λέξεις
1032 3428 1164 3506 συνάγων
1187 3429 1309 3496 Timaei
1332 3431 1392 3497 ob·

334 3560 336 3570 ⁴
383 3545 633 3614 servatiunculas
658 3544 836 3630 colligeret,
859 3546 975 3613 Boethi
990 3548 1134 3632 egregias
1147 3548 1390 3616 observationes

382 3687 447 3732 non
471 3666 643 3750 colligeret.
689 3665 738 3731 Ea
759 3686 810 3731 res
833 3670 901 3731 tam
924 3666 1095 3732 manifesta
1117 3672 1183 3747 est,
1207 3673 1304 3752 atque
1326 3668 1391 3734 evi-

386 3785 482 3870 dens,
516 3792 554 3850 ut
587 3784 683 3868 plura
717 3783 822 3850 dicere
855 3784 936 3850 nihil
958 3786 1001 3852 sit
1023 3783 1122 3870 opne’'
1137 3785 1173 3872 ¹).
1217 3787 1261 3854 nt
1281 3788 1392 3854 nescio

389 4003 584 4014 ——u—

419 4169 443 4234 l)
464 4169 525 4220 Non
547 4185 562 4220 a
580 4167 677 4220 Cobeto
693 4175 720 4220 et
736 4169 840 4220 Nahero
857 4171 986 4236 primum,
1005 4172 1050 4221 sed
1067 4173 1167 4223 dudum
1184 4174 1217 4224 ab
1229 4175 1288 4225 aliis
1306 4176 1391 4227 veluti

382 4265 514 4316 Meinekio
536 4265 681 4316 Bitsohelio
704 4271 731 4316 et
753 4267 892 4330 semetipso
914 4267 1125 4323 demonstratum
1142 4283 1200 4320 esse
1217 4270 1342 4322 Photium
1361 4263 1391 4324 in
