3150 5080
699 635 742 700 53

212 844 270 928 ἀφ’
291 841 326 909 οὖ
348 845 398 910 κο)
421 847 487 918 τοὺς
510 843 676 920 Ἀθηναίους
701 845 771 909 ποτὲ
790 844 894 915 Ἴωνος
917 844 1072 924 cinisium,
1097 843 1148 908 11111
1172 842 1221 907 διὰ

213 969 313 1029 τοῦτο
336 967 466 1044 πατρῷον
489 964 595 1036 αὐτοὺς
619 963 796 1029 Ἀπόλλωνα
820 962 910 1044 ἔχειν.

256 1082 374 1148 Iisdem
404 1081 470 1148 fere
498 1083 602 1148 verbis
632 1089 822 1167 comparato
845 1087 936 1158 sunt,
964 1101 1047 1166 quoe
1069 1081 1221 1165 leguntur

213 1201 247 1266 in
275 1201 336 1266 lex.
366 1201 446 1268 rhet
477 1199 577 1267 Beklr.
601 1201 684 1279 291,
710 1201 769 1285 33,
793 1200 850 1266 ubi
872 1207 982 1282 tamen·
1002 1200 1107 1266 minue
1131 1203 1221 1266 recte

214 1319 331 1402 waltpert
364 1319 481 1404 legitur
510 1341 570 1404 pro
600 1321 743 1400 πατρῷος.
788 1317 870 1386 Nam
895 1339 1090 1404 quemquem
1114 1323 1222 1384 monet

213 1438 342 1505 Porsen
373 1438 415 1504 ad
438 1437 600 1522 Euripidis
624 1436 791 1504 Hecubam
814 1458 857 1503 vs.
882 1437 924 1502 78
950 1435 1073 1502 Atticos
1097 1434 1219 1512 πάτριος

214 1562 247 1622 et
269 1559 398 1638 πατρῷος
421 1557 599 1642 promiscue
623 1576 797 1642 usmpere,
821 1555 935 1640 Apollo
961 1561 1069 1622 tamen
1084 1554 1221 1639 ubique,

215 1682 371 1760 quantum
393 1675 482 1754 novi,
507 1679 639 1758 πατρῷος
667 1675 773 1753 audit,
797 1695 861 1741 non
884 1673 1013 1754 πάτριος.
1049 1671 1221 1740 (11801101.

192 1841 194 1844 -
214 1793 310 1862 Arist.
332 1794 398 1861 Av.
424 1795 523 1861 1527:
545 1798 675 1876 πατρῷον
695 1795 725 1859 δὲ
745 1801 865 1871 τιμῶσιν
878 1791 1222 1869 Ἀπο’λλωνοο’λθηνοοῖο1,

215 1913 277 1982 ἐπεὶ
293 1912 359 1980 Ἴον
377 1914 391 1979 i
410 1913 599 1996 πολέμαρχος
616 1914 770 1990 Ἀθηναίων
782 1911 815 1988 ἐξ
825 1911 1009 1983 ’Λπόλλωνος
1021 1909 1070 1974 eal
1082 1909 1221 1989 Κρεούσης

214 2041 267 2108 τῆς
300 2033 399 2102 Ξούθου
430 2033 544 2115 ἐγένετο
572 2039 605 2098 et
627 2033 784 2117 Harpocr.
808 2053 833 2096 v.
857 2013 1039 2096 Ἄπολλον
1061 2029 1222 2108 πατρῷος

215 2155 228 2215 d
252 2152 388 2224 Πύθιος.
415 2151 580 2226 Creusam,
595 2151 704 2218 Xutho
728 2157 876 2236 nuptum,
890 2157 1061 2234 postquem
1075 2168 1114 2214 ex
1126 2147 1222 2233 Apol·

214 2269 279 2336 line
310 2269 420 2336 Ionem
451 2267 551 2336 filium
575 2270 721 2355 peperit,
745 2271 779 2334 in
807 2289 936 2334 scenam
958 2267 1107 2353 producit
1131 2265 1223 2331 Euri·

217 2387 310 2472 pides
332 2388 367 2452 in
390 2387 475 2454 Ione.
498 2387 608 2468 Ionem
623 2388 725 2454 Xuthi
739 2386 840 2453 filium
856 2385 1042 2472 simpliciter
1056 2385 1224 2450 nominent

215 2504 396 2573 Herodotus
421 2507 458 2592 7,
490 2506 552 2587 94,
577 2506 616 2586 8,
642 2506 701 2587 44;
723 2505 931 2572 Philochorus
955 2503 1040 2589 apud
1065 2503 1222 2588 Harpoer.

214 2643 240 2689 11.
263 2621 432 2706 βοηδρόμοοο.

258 2741 465 2828 Adscriptum
488 2749 537 2814 est
559 2741 726 2822 Scholion,
750 2742 789 2809 de
813 2762 876 2827 quo
900 2741 1039 2827 egimus,
1063 2739 1107 2806 ed
1123 2739 1222 2806 notis·

214 2861 328 2928 simum
372 2860 517 2928 Platonis
554 2861 678 2942 locum,
716 2861 771 2927 uhi
810 2860 976 2928 contendit
1013 2856 1221 2945 philosophus

213 2978 461 3047 Atheniensibus
485 3001 555 3046 esse
578 2979 757 3065 Apollinem
781 2981 911 3061 πατρῷον
927 2985 960 3046 et
982 2979 1093 3045 lovem
1108 2974 1219 3057 ἕοκειον,

213 3119 278 3165 non
302 3105 409 3165 eutem
431 3099 543 3166 Jovem
567 3102 707 3181 ποτρῷον.
743 3097 807 3165 Sed
831 3119 902 3164 eum
927 3097 1013 3182 apud
1028 3097 1132 3181 ipsum
1147 3094 1220 3160 Pla·

213 3222 322 3283 tonem
345 3216 442 3302 Legg.
464 3215 532 3283 IX:
556 3216 619 3282 881
645 3223 677 3282 et
691 3215 939 3301 Xenophontem.
951 3215 986 3280 in
1002 3212 1219 3299 Cyropaedia,

213 3335 300 3419 epud
333 3335 473 3418 tragicos
506 3335 633 3419 saepius
668 3342 701 3400 et
734 3334 980 3418 Aristophanem
1016 3331 1097 3398 Nuh.
1133 3329 1217 3396 1468

212 3452 339 3537 Jupiter
369 3459 500 3537 ποτρῷος
533 3460 804 3528 commemoretur,
829 3450 990 3518 Albertiue
1015 3449 1057 3516 ed
1080 3449 1216 3532 Hesych.

213 3593 241 3638 v.
275 3574 425 3654 πατρῷος
467 3573 552 3645 Ζεύς
594 3572 634 3638 de
675 3571 826 3638 Platonis,
852 3563 1034 3636 testimonio
1070 3566 1217 3633 dubitare

212 3691 344 3756 videtur.
381 3690 492 3776 Neque
514 3692 584 3758 iure
606 3696 729 3770 tamem
752 3712 827 3757 nam
851 3689 937 3755 unde
959 3688 1081 3755 fectum
1105 3687 1164 3769 sit,
1181 3693 1218 3750 ut

213 3809 300 3892 opud
336 3810 492 3894 tragicos,
532 3809 778 3894 Aristophanem
816 3813 848 3875 et
886 3807 1050 3874 Platonem
1089 3803 1218 3888 Jupiter

211 3929 342 4008 πατρῷος
373 3933 537 4004 occurret,
568 3928 717 4011 expedire
748 3933 881 3994 conatus
912 3932 961 3991 est
990 3925 1149 3991 Porsonus
1174 3923 1216 3988 ad

212 4045 373 4131 Euripidis
402 4045 485 4112 Med.
519 4047 621 4126 1314,
653 4045 762 4112 dicens
784 4046 949 4112 Platonem
972 4045 1059 4112 Jovis
1083 4043 1214 4125 πατρῴου

211 4165 401 4232 mentionem
432 4166 539 4234 fecere
566 4167 601 4232 in
629 4165 754 4250 legibus
775 4164 884 4245 lictis,
916 4185 998 4248 ques
1022 4162 1218 4249 reipublicae

212 4296 300 4352 sune¹
319 4283 414 4352 lictae
436 4286 685 4374 praescriberet,
708 4284 931 4376 Aristophanis
955 4289 1062 4362 eutem
1086 4303 1211 4349 versum
