3150 5080
644 610 685 674 29

200 820 360 900 Καλλιρρόη
536 817 640 884 Schol.
664 816 795 883 Axioch.
820 818 885 884 364
907 817 944 882 A.

200 939 335 1002 autema
728 988 744 1017 „
820 936 885 1002 365
905 936 938 1003 (l.

200 1057 307 1135 λέμμα
669 1055 786 1122 Timae.
812 1057 854 1121 76
874 1055 910 1120 Α.

201 1177 399 1253 Aurelianis
666 1176 754 1243 criti.
779 1177 843 1240 112
861 1175 898 1242 Α.

201 1297 305 1374 μέλλει
426 1389 427 1392 ¹
665 1295 743 1381 Rep.
767 1295 863 1361 VHI:
887 1297 953 1361 566
974 1295 1009 1360 Ε.

203 1421 311 1482 πολλοῦ
336 1417 380 1481 δεῖ
668 1415 829 1483 charmin.
856 1415 919 1484 166
939 1415 972 1482 C.

202 1536 354 1616 σκολύθρια
668 1535 857 1620 Euthydem.
882 1535 947 1601 278
967 1535 1003 1600 Β.

202 1657 387 1735 τραγήματα
668 1653 747 1738 Rep.
770 1654 822 1719 H:
847 1655 913 1720 372
933 1652 966 1720 6.

203 1893 273 1959 Η66
306 1893 404 1976 igitur
439 1894 562 1975 glossae
598 1899 691 1972 sunt,
722 1893 761 1958 de
794 1892 927 1976 quibus,
959 1913 1024 1978 qua
1056 1893 1107 1958 via
1141 1893 1175 1958 in

158 2009 288 2076 Scholia
311 2012 530 2095 pervenerint,
554 2012 667 2095 quaeri
690 2017 806 2096 potest.
833 2011 905 2078 Dixi
927 2033 1025 2097 supra
1045 2032 1176 2078 menon

122 2117 128 2127 ⁰
158 2131 307 2196 dirimere
330 2152 424 2214 posse
447 2137 521 2196 utra
544 2131 704 2197 sententia
727 2131 844 2196 rectior
868 2131 924 2207 sit,
948 2130 1115 2198 Schmidtii
1133 2153 1176 2198 an

158 2247 286 2314 Naberi.
318 2249 402 2315 Fieri
424 2255 533 2314 tamen
558 2271 622 2314 non
645 2249 767 2333 potnit,
792 2251 869 2332 quin
892 2250 1015 2334 glossas
1039 2250 1123 2316 inter
1140 2272 1175 2317 se

158 2369 361 2450 comparanti
396 2369 513 2433 sensim
547 2368 625 2432 mihi
657 2368 765 2452 opinio
790 2369 1052 2445 subnasoeretur,
1078 2391 1175 2453 quam

158 2487 256 2550 liceat
285 2485 437 2569 proferre.
483 2485 562 2551 Mihi
589 2486 718 2571 quidem
741 2487 775 2550 in
798 2487 979 2552 universum
1005 2486 1174 2552 Schmidtii

115 2680 119 2685 ⁴
160 2605 320 2670 sententia
342 2605 540 2689 probabilior
563 2625 634 2670 esso
658 2605 791 2672 videtur.

165 2721 198 2786 1ο
222 2723 296 2806 quia
318 2723 444 2807 glossae
468 2723 656 2807 plerumque
679 2725 758 2789 nihil
780 2724 915 2803 habent,
944 2745 1007 2808 quo
1031 2725 1173 2809 peculia-

228 2841 305 2907 riter
328 2842 369 2906 ad
394 2841 560 2908 Platonem
582 2840 774 2908 referantur.
1190 2817 1191 2821 Ἰ

161 2958 199 3024 2⁰
225 2960 299 3042 quia
315 2961 366 3024 vix
382 2960 551 3026 verisimile
574 2966 623 3025 est
647 2960 804 3025 Boethum
820 2975 948 3026 errores
966 2929 1176 3049 commisisse,

230 3078 334 3161 qualis
366 3082 415 3144 est
447 3078 535 3162 apud
565 3078 731 3157 Photium,
769 3077 983 3145 Scholiastam
1013 3088 1046 3146 et
1075 3081 1176 3167 Hesy-

229 3197 334 3261 chium
358 3197 392 3260 in
416 3219 443 3260 v.
466 3205 586 3272 λῆμμα.

163 3314 200 3379 3⁰
226 3316 303 3398 quia
325 3315 450 3398 glossae
473 3316 682 3396 σφακελισμός
707 3322 741 3381 et
763 3315 902 3392 τέναγος,
927 3337 1008 3399 quas
1033 3317 1125 3383 Phot.
1145 3326 1178 3384 et
1245 3377 1247 3384 ,

232 3433 335 3500 Schol.
366 3433 504 3514 habent,
528 3435 640 3517 procul
664 3434 760 3500 dubio
784 3456 849 3500 non
872 3457 912 3500 ex
934 3435 1056 3502 Boetho
1079 3435 1178 3501 fluxe-

231 3559 323 3632 runt,
356 3551 412 3619 sed
447 3573 487 3618 ex
520 3553 591 3637 ipso
623 3554 829 3638 Diogeniano.
882 3552 1051 3620 Consensu
1080 3556 1178 3638 igitur

232 3671 337 3737 Photii
376 3676 408 3736 et
446 3670 645 3749 Sohohastae
684 3693 748 3738 non
786 3671 952 3738 conficitur
985 3673 1124 3758 glossam
1160 3697 1178 3740 e

233 3789 356 3855 Boetho
392 3791 593 3874 provenisse3
631 3791 742 3875 itaque
776 3792 877 3858 multo
912 3793 1013 3877 magis
1047 3792 1178 3859 Photius

232 3909 300 3990 ipse
334 3909 563 3992 Diogenianum
589 3909 638 3974 vel
663 3914 814 3994 excerpta
837 3931 878 3975 ex
902 3908 1098 3994 Diogeniano
1122 3912 1179 3978 ad-

233 4026 375 4092 hibuisse
400 4028 532 4092 videtur.

211 4146 300 4211 Haeo
324 4155 514 4230 argumenta
536 4147 569 4212 in
594 4169 628 4212 re
652 4147 751 4212 dubia
774 4146 944 4214 sufficiant.
968 4147 1070 4214 Multo
1086 4171 1180 4232 prae-

167 4273 233 4335 stat
264 4267 393 4333 Scholia
423 4288 609 4350 percurrere
641 4272 739 4352 atquo
770 4288 810 4333 ea
841 4267 1015 4349 adnotare,
1047 4289 1130 4354 quae
1162 4291 1179 4336 6
