3150 5080
872 661 916 728 ³4

385 887 438 952 pg.
462 866 505 932 28
529 887 633 952 seqq.;
656 887 740 952 qnae
764 873 871 934 antem
895 887 935 934 ex
954 887 1062 934 eornm
1080 867 1232 953 operibns
1248 868 1282 932 in
1298 867 1400 936 Scho-

384 984 436 1050 liis
466 991 654 1069 supersunt,
681 986 715 1050 in
737 985 777 1052 iis
801 985 936 1070 vestigia
957 986 1233 1072 interpretationis
1259 987 1401 1054 Platoni·

385 1124 443 1169 cae
455 1123 588 1188 prorsus
600 1102 712 1170 deesse
725 1109 810 1170 recte
823 1104 1006 1170 observavit
1017 1104 1267 1173 Mettaoerusll.
1282 1129 1333 1192 pg.
1347 1107 1400 1172 93.

385 1221 500 1306 ltaque
523 1221 673 1287 dehisce
697 1241 807 1288 eorum
831 1222 947 1294 studiis
971 1221 1078 1288 dicere
1102 1244 1166 1290 non
1186 1243 1319 1290 necesso
1335 1230 1400 1317 εειἱ

386 1341 498 1424 paucis
528 1344 637 1404 tanvm
667 1338 707 1404 do
739 1340 889 1406 universa
910 1340 1037 1406 ratione
1060 1347 1159 1425 atque
1182 1346 1300 1407 notura
1322 1341 1403 1407 lexi-

386 1479 506 1535 oorum,
518 1478 603 1542 quae
620 1464 883 1541 composuerunt,
900 1457 1134 1524 disserendum.
1157 1459 1281 1525 Aeliani
1294 1460 1401 1544 operis

388 1577 529 1643 intlolern
553 1585 586 1642 et
609 1577 843 1660 praestantiam
866 1576 917 1642 his
940 1575 1045 1643 verbis
1068 1576 1200 1643 Photius
1224 1578 1258 1642 in
1281 1577 1401 1644 Biblio-

386 1695 500 1762 thecae
531 1692 648 1760 Codice
684 1692 747 1760 152
776 1693 870 1761 nobis
894 1694 1057 1763 declarat:
1087 1697 1312 1776 χρησιμώτατος
1335 1697 1402 1761 δὲό

390 1814 473 1884 πόνος
496 1810 578 1884 οὗτος
600 1821 659 1885 τοῖς
682 1838 716 1878 τε
739 1812 895 1894 ἀττικίζειν
919 1815 1018 1894 ἔχουσι
1042 1815 1181 1895 Φροντιδα
1205 1815 1254 1880 καὶ
1273 1821 1402 1888 τοῖςτῶυ

391 1933 517 1997 όττινιιῖνν
547 1933 797 2010 συγγραμμάτων
826 1935 968 2010 ἕνομιλεῖν
999 1933 1242 2014 προαιρουμένοις·
1274 1931 1339 2000 όσαι
1367 1961 1401 2000 τε

391 2055 451 2131 γόιρ
474 2050 693 2132 ἐπιχωριάζουσι
717 2049 810 2127 λέξεις
834 2059 893 2124 τοῖς
917 2053 1075 2128 ’Λόηναόοις
1099 2052 1165 2130 περί
1182 2078 1216 2118 τε
1230 2055 1286 2126 τόις
1303 2054 1401 2134 ἑορτόος

389 2171 443 2236 καὶ
468 2173 523 2243 σόος
546 2170 628 2242 δίκας
652 2171 779 2236 rasolo
802 2173 880 2236 ἐστιν
903 2171 1055 2248 εἰιμαόεῒν·
1077 2171 1127 2236 καὶ
1152 2170 1180 2235 ci
1198 2195 1228 2237 τι
1250 2170 1327 2236 ἄλλο
1341 2171 1402 2237 ἰδιο-

390 2291 501 2369 τρόπως
524 2292 623 2360 αὐτοῖς
647 2288 788 2366 λέγεται,
811 2291 842 2354 οὐ
866 2291 1003 2370 χαλεπόν
1026 2291 1131 2369 εὑρεῖν·
1159 2290 1285 2367 μάλιστ’
1309 2289 1338 2355 εἴ
1356 2316 1401 2362 τις

389 2409 431 2486 μη
453 2408 519 2479 τοὺς
543 2417 596 2482 τῆς
619 2408 733 2486 πρώτης
758 2408 891 2480 ἐκδόσεως
914 2407 1000 2486 μόνον
1015 2407 1120 2486 τόμους
1136 2408 1300 2490 διερευνοόη,
1316 2409 1401 2475 όλλόι

389 2527 439 2592 καὶ
471 2536 523 2602 τῆς
551 2526 685 2607 δευτέρας
716 2525 851 2598 ἐκδόσεως
874 2525 923 2592 καὶ
947 2527 1052 2598 αὐτοὺς
1076 2527 1164 2592 πέντε
1187 2527 1292 2602 τόμους
1314 2526 1400 2599 όνσας

388 2646 439 2711 καὶ
468 2645 530 2710 cirri
552 2651 604 2711 τοῦ
628 2669 649 2709 α
671 2645 761 2725 μεχρὶ
785 2650 836 2710 τοῦ
860 2671 880 2708 οι
903 2643 960 2718 τοὶς
982 2645 1108 2718 όττικόις
1132 2644 1226 2720 λέξεις
1249 2647 1400 2728 περιέχον-

389 2788 463 2838 τας,
495 2759 559 2828 όσαι
590 2787 624 2826 τε
653 2772 691 2844 τῇ
721 2764 844 2843 πρυτὲρςι
874 2763 905 2828 οὗ
935 2765 1233 2845 συμπεριελήφθησαν
1264 2763 1281 2838 ἢ
1305 2788 1400 2836 περιε-

388 2884 544 2964 ληφόησαν
566 2882 620 2958 μὲν
643 2879 814 2961 μαρτυρίαις
838 2881 867 2946 δὲ
890 2871 957 2952 ταῖς
982 2881 1081 2954 οὔσαις
1096 2885 1146 2948 οὐκ
1165 2883 1399 2959 ε’βεβαιώόησαν·

388 3002 418 3064 ἐν
446 2999 507 3077 γόιρ
536 3009 573 3080 τῇ
601 2999 719 3081 δευτέρα
741 2998 849 3064 ἐκδόσει
872 2999 1053 3079 πλατότερον
1076 3004 1125 3065 καὶ
1149 3000 1344 3081 οἱφόονότερον
1368 3001 1400 3065 αἱ

389 3119 543 3200 μαρτυρίαι
574 3118 813 3197 παρατέόεινται·
845 3115 881 3182 ὦν
912 3116 940 3181 si
968 3143 1012 3189 τις
1036 3117 1091 3189 σόος
1115 3117 1162 3182 δύο
1185 3121 1400 3199 πραγματείας

389 3238 429 3308 εἷς
452 3232 481 3301 ἓν
504 3239 667 3314 σύνταγμα
690 3243 873 3314 συναγαγεῖν
901 3237 1054 3314 βουληθείη
1077 3237 1291 3316 χρησιμώτερόν
1310 3263 1344 3303 τε
1367 3241 1401 3303 τὸ

388 3353 600 3437 φιλοτέχνημα
622 3353 766 3431 ἀποδείξει
782 3354 832 3418 καὶ
849 3353 929 3430 μετόο
950 3355 1092 3436 ῥᾳστώνης
1108 3356 1265 3424 ἔκτελὲσει.
1291 3355 1400 3420 Multis

389 3474 486 3558 igitur
517 3473 710 3558 scriptorum
734 3478 873 3538 votorum
897 3473 1087 3539 testimoniis
1110 3475 1260 3540 utebatur
1283 3475 1401 3560 Diony-

393 3594 459 3658 sius
475 3592 516 3659 ad
533 3611 589 3670 ea,
606 3611 690 3675 quae
705 3591 944 3670 observaverat,
959 3591 1159 3658 illustranda.
1172 3591 1361 3658 Eustathius
1377 3593 1401 3674 ¹)

416 3850 444 3914 l)
454 3849 609 3899 Eustathius
619 3848 762 3912 Episcopus
771 3847 1013 3900 Thessalonicensis
1022 3849 1127 3900 saeculo
1137 3849 1289 3900 duodecimo
1298 3849 1402 3913 scripsit

390 3946 556 4009 Παρεμβολὰς
574 3945 608 4002 εἷς
625 3943 671 4001 την
688 3941 795 4006 Ὅμηρον
814 3943 913 3996 Ἰλιάδα
930 3944 973 3995 καὶ
987 3943 1144 3998 Ὀδυσσοόαν.
1169 3945 1200 3994 In
1214 3945 1256 3994 his
1268 3959 1402 3996 commen-

391 4043 465 4092 tariis
483 4040 678 4091 conscribendis
697 4045 799 4104 praeter
816 4041 928 4091 aliorum
945 4056 1023 4105 opera
1039 4041 1193 4104 frequenter
1205 4039 1272 4089 Aelii
1285 4040 1403 4106 Dionysii

390 4143 417 4187 et
434 4125 580 4186 Pausanite
596 4133 687 4184 lexicis
704 4149 769 4184 usus
787 4140 839 4198 est,
858 4150 973 4200 quorum
990 4135 1099 4186 nomina
1116 4135 1143 4184 in
1162 4133 1221 4184 aliis
1239 4133 1331 4200 glossis
1343 4136 1403 4185 lau-

390 4233 447 4296 dat,
470 4233 498 4280 in
521 4229 580 4280 aliis
599 4233 675 4280 lacet.
702 4227 838 4280 Gonsensu
856 4236 944 4280 autem
962 4231 1049 4281 Photii
1067 4235 1093 4280 et
1111 4229 1243 4279 Euslathii
1260 4231 1340 4279 etiam
1357 4245 1404 4280 eae

390 4330 503 4394 glossae,
517 4326 563 4375 uhi
573 4326 688 4375 auctoris
696 4339 794 4374 nomen
803 4326 897 4377 colavit
907 4327 1060 4390 Episcopus,
1073 4326 1149 4375 lacile
1160 4325 1403 4388 deprehenduntur.
