3150 5080
683 671 725 736 33

196 899 281 948 mare
326 879 414 944 dicas
457 879 538 945 haec
581 901 598 944 e
645 879 840 964 Diogeniano
879 877 1019 945 fluxisse.
1076 880 1208 947 Uncinis

87 1005 88 1010 ’
197 998 320 1064 inclusa
350 999 478 1064 aliunde
502 998 596 1082 petiit
619 997 810 1065 Scholiasta.
846 997 892 1064 Of.
916 998 1059 1064 Schmidt
1084 999 1208 1082 Didymi

194 1116 398 1182 Chalcenteri
421 1117 543 1201 fragm:
558 1140 608 1202 pg.
633 1118 688 1184 62.

238 1237 372 1302 Praeter
402 1236 462 1302 has
492 1235 616 1319 glossas
639 1236 736 1302 etiam
760 1235 845 1301 aliae
867 1235 901 1300 in
925 1234 1060 1301 Scholiis
1082 1236 1206 1308 insunt,

194 1376 275 1438 quas
302 1377 365 1421 non
389 1355 506 1420 iniuria
532 1356 574 1421 ad
598 1355 828 1440 Diogcuianum
854 1378 876 1421 s.
901 1355 1094 1442 Hesychiuru
1118 1363 1207 1420 retu·

192 1475 285 1554 laria,
316 1495 344 1541 θ.
367 1496 393 1542 o.
425 1476 559 1556 ἀτεχνῶς
583 1474 686 1542 Schol.
711 1475 889 1560 Euthyphr.
914 1477 934 1540 3
956 1477 999 1552 A,
1024 1476 1112 1551 ὁμόσε
1135 1476 1206 1540 ἱέναι

192 1593 268 1658 ibid.
292 1595 313 1658 3
333 1591 374 1671 (l,
399 1598 529 1666 παιᾶνας
550 1593 694 1679 Sympos.
713 1594 774 1659 177
794 1593 822 1657 Α
839 1595 877 1658 al.
903 1592 985 1671 Quia
1001 1602 1108 1658 autem
1128 1593 1206 1657 nihil

193 1712 373 1795 continent,
398 1713 483 1797 quod
501 1711 594 1778 hodie
610 1713 643 1777 in
660 1712 821 1799 Hesychio
839 1712 1072 1789 desideramus,
1089 1711 1206 1775 exscri-

191 1829 268 1897 bere
292 1833 485 1915 supersedeo
509 1837 542 1898 et
564 1836 695 1898 transeo
720 1832 760 1896 sd
785 1853 837 1915 ea,
865 1852 949 1915 quae
973 1830 1116 1894 elexicis
1133 1828 1206 1893 rhe-

191 1951 301 2016 toricis
324 1949 453 2016 fluxisse
478 1951 632 2018 videntur.

409 2435 467 2502 DE
504 2435 687 2505 GLOSSIS
722 2434 991 2504 Laxlcoauu

475 2620 478 2625 .
512 2567 887 2638 RHETORICORUM.

235 2775 421 2843 Lexicorum
443 2778 673 2844 rhetoricorum
690 2785 840 2845 auctores
857 2777 987 2844 fuerunt
1003 2778 1111 2844 Aelius
1129 2779 1201 2843 Dio-

191 2895 301 2978 nysius
326 2895 620 2962 Halicarnassensis
643 2903 676 2962 et
697 2897 888 2969 Pausanias,
913 2897 952 2961 de
976 2895 1090 2981 quihus
1110 2917 1202 2960 occu-

190 3019 261 3078 rate
292 3014 458 3094 dixerunt,
488 3015 528 3079 de
551 3014 642 3080 Aelio
665 3015 818 3099 Dionysio
843 3012 982 3079 Cobetus
1004 3014 1037 3077 iu
1061 3012 1200 3077 Mnemo-

191 3153 284 3216 syncs
313 3133 471 3198 volumine
500 3132 531 3198 X
560 3156 611 3218 pg.
642 3135 686 3198 50
718 3155 804 3217 seqq.
836 3133 878 3216 (a.
913 3132 1032 3216 1861),
1055 3129 1201 3196 Naberus

189 3250 224 3314 in
248 3250 483 3336 Prolegomenis
507 3253 548 3318 ad
573 3252 679 3318 Pholii
701 3251 826 3319 lexicon
849 3273 900 3336 pg.
924 3252 968 3316 24
992 3271 1095 3333 seqq.‚
1114 3249 1201 3314 Wal-

189 3373 276 3433 terus
300 3367 494 3435 Rindfleisch
517 3371 548 3434 in
566 3369 788 3436 dissertatione
807 3368 846 3434 de
867 3369 1045 3434 Pausaniae
1066 3377 1097 3432 et
1119 3368 1200 3433 Aelii

190 3486 332 3570 Dionysii
363 3487 471 3553 lexicis
499 3488 684 3566 rhetoricis,
716 3487 895 3572 Regimonti
922 3486 1026 3564 1866,
1051 3484 1084 3551 6.
1109 3484 1142 3549 Τ.
1166 3485 1199 3550 Ρ.

191 3604 352 3672 Schwartz
385 3607 418 3671 in
453 3606 656 3673 Praelatione
688 3606 729 3674 ad
753 3607 834 3672 Aelii
859 3606 1003 3690 Dionysii
1027 3606 1200 3688 reliquias,

190 3723 274 3789 Trai.
306 3725 347 3790 ad
378 3724 478 3791 Rhen.
514 3725 612 3805 1877,
644 3726 683 3791 de
713 3724 875 3790 Pausania
906 3723 1051 3790 Naberus
1081 3724 1123 3789 ll.
1147 3745 1198 3806 pg.

191 3842 233 3906 39
265 3862 368 3926 seqq.,
399 3840 595 3912 Rindfleisch
618 3843 677 3920 1.1.,
708 3843 744 3909 F.
768 3841 918 3926 Goslings
939 3843 972 3906 in
997 3841 1200 3906 Observatio-

191 3961 284 4026 nibus
316 3962 356 4026 ad
388 3960 516 4027 Scholia
545 3963 579 4026 in
609 3962 844 4047 Thucydidem,
878 3959 978 4045 Lugd.
1002 3960 1073 4026 Bat.
1102 3959 1199 4037 1874,

191 4101 241 4164 pg.
264 4081 326 4158 47,
356 4102 458 4164 neque
481 4102 561 4165 opus
585 4088 635 4147 est
658 4081 710 4147 hic
733 4081 840 4147 omnia
863 4088 1023 4164 repetere,
1047 4099 1130 4163 quae
1154 4078 1200 4144 illi

190 4199 315 4282 egregie
339 4199 553 4283 disputarunt.
600 4199 778 4265 Navaverat
801 4204 949 4281 uterque,
976 4197 1145 4281 Dionysius
1168 4204 1201 4262 et

189 4316 386 4394 Pausanias,
417 4318 504 4382 haud
534 4318 678 4382 inutilem
710 4338 841 4400 operam
870 4316 1005 4381 Platoni.
1029 4315 1068 4380 cf.
1091 4314 1200 4380 Naber

1086 4433 1102 4481 3
