3150 5080
677 645 718 710 13

188 851 280 934 ἕτερον
309 859 365 919 τῶν
397 855 487 918 τοδῶν
517 854 683 935 ῶνέχοντα,
717 854 749 933 ἢ,
781 857 817 928 ῶς
845 860 906 936 νῦν,
931 858 979 922 ἕτί
1000 858 1118 932 σκέλους
1141 859 1200 934 ἑνὸς

188 975 338 1051 βαίνοντα.
362 973 423 1039 ἔστι
446 974 475 1038 δὲ
498 981 547 1039 καὶ
576 974 610 1038 τὸ
633 975 799 1055 χωλαίνειν.

235 1092 414 1159 Scholiasta
436 1093 488 1159 hie
503 1094 675 1178 integriore
692 1095 868 1184 exemplari
882 1095 1198 1179 Diogenianei‘lexici

188 1233 264 1277 usus
288 1218 352 1296 est,
376 1231 472 1295 quam
495 1211 588 1277 nobis
611 1212 706 1278 hodie
728 1213 763 1278 in
786 1212 946 1299 Hesychio
963 1221 1127 1299 superest,
1143 1214 1199 1281 ubi

187 1332 338 1416 legimus:
369 1331 626 1412 ῶτκωλιοίζεις·
660 1333 759 1413 κυρίως
791 1334 844 1406 μὲν
875 1332 909 1398 τδ
932 1335 980 1400 εἰτί
1003 1335 1070 1407 τοὺς
1092 1336 1199 1406 ἀσκοὺς

188 1445 350 1525 ἅλλεσθαι,
376 1452 426 1532 ἐφ’
450 1442 496 1521 οὓς
520 1449 737 1527 ἀληλιμμένους
760 1450 871 1524 ε’τιίδων
893 1453 1006 1529 γελοίου
1029 1449 1131 1519 ἕνεκεν.

234 1567 337 1634 Schol.
361 1568 456 1652 Gorg.
479 1569 543 1634 487
565 1568 589 1634 O
614 1568 780 1652 Ἀφίδνα·
805 1570 893 1648 δῆμος
917 1571 1067 1644 Αἰαντίδος
1090 1577 1199 1652 φυλῆς.

233 1684 339 1751 Verba
362 1686 449 1771 apud
473 1686 610 1771 Hesyoh.
638 1684 807 1767 Ἀφίδνα·
823 1688 911 1764 δῆμοι
927 1697 980 1763 τίς
996 1689 1200 1767 Πτολεμαίδος

189 1813 287 1886 φυλῆς
312 1805 462 1872 mutilata
484 1826 555 1872 esso
578 1806 735 1872 videntur.
762 1806 808 1874 cf.
833 1807 957 1874 Alberti
981 1808 1023 1874 ad
1044 1807 1201 1894 Hesych„

188 1925 386 2008 Interpretes
409 1924 452 1990 ad
473 1924 664 2008 Harpocrat.
689 1947 712 1991 s.
736 1949 763 1992 v.
786 1927 976 2007 Θυρνωνίδαι.

235 2040 338 2107 Schol.
362 2041 497 2128 Euthyd.
524 2043 588 2108 303
608 2043 636 2107 A
659 2043 693 2108 τδ
718 2050 766 2109 νῦν
788 2044 942 2122 βίμβαξ
964 2047 1122 2123 λεγόμενον
1142 2047 1201 2112 τύ-

189 2159 265 2236 ταξ
295 2161 411 2239 ἔλεγον,
445 2164 481 2234 ῶς
505 2162 554 2225 καί
578 2162 740 2243 Λυκόφρων
763 2164 846 2246 ᾠιίίη.
871 2167 921 2230 οὐκ
943 2163 1005 2231 ἔστι
1028 2165 1067 2232 δέ.
1091 2165 1125 2231 τὸ
1147 2167 1201 2243 μὲν

189 2279 248 2360 γὰρ
273 2279 380 2356 πύπαξ
403 2282 512 2345 τίθεται
537 2279 586 2344 καί
611 2281 658 2345 ἕτδ
682 2288 891 2362 σχετλιασμοῶ
914 2285 963 2348 καί
983 2286 1146 2363 ἕνκωμίου,
1167 2285 1200 2350 τὸ

189 2401 218 2464 δὲ
242 2398 371 2477 βίμβαξ
392 2400 494 2465 οὐκέτι.

234 2517 318 2582 Hine
341 2518 558 2583 emendandus
581 2517 716 2602 Hesych.
742 2541 765 2584 s.
788 2541 815 2584 v.
833 2519 981 2598 τύτταξ;
997 2520 1037 2586 cf.
1058 2519 1201 2587 Schmidt

190 2636 313 2722 Didym.
336 2659 387 2721 pg.
411 2635 463 2701 54.

235 2753 338 2820 Schol.
361 2753 440 2838 Rep.
465 2754 514 2820 V:
538 2754 604 2820 475
624 2756 652 2819 D
676 2756 848 2822 Διονύσια
873 2757 952 2838 ἑορτὴ
975 2758 1109 2834 Ἀθήνησι
1134 2749 1224 2825 Aio·¹

190 2871 263 2954 νότῳ
286 2872 392 2952 ἤνετο,
416 2872 457 2938 τδι
480 2874 533 2950 μὲν
555 2878 624 2939 κατ’
646 2876 754 2955 οίγροὺς
778 2876 865 2952 μηνὸς
890 2877 1092 2956 Ποσειδεῶνος,
1111 2877 1201 2943 ταδὲ

192 2993 309 3066 Λήναια
321 2992 408 3069 μηνὸς
421 2999 697 3072 Μαιμακτηριῶνος,
706 2993 748 3058 τῶ
759 2994 788 3058 δὲ
800 2997 828 3058 ἕν
840 2992 924 3060 ίιστει
931 2995 1201 3078 Ἐλαφηβολιῶνος.

239 3110 339 3177 Plane
369 3111 480 3176 eadem
505 3111 642 3196 Hesych.
666 3117 699 3176 et
720 3111 794 3177 Lex.
818 3113 898 3179 rhet.
920 3112 1019 3179 Bekk.
1043 3137 1094 3198 pg.
1118 3115 1201 3193 235,

190 3230 229 3308 6,
252 3229 314 3295 nisi
337 3229 423 3312 quod
446 3229 498 3294 hic
517 3249 576 3312 pro
592 3236 852 3310 Μαιμακτηριῶνος
868 3231 985 3315 legitur
999 3237 1200 3311 Γαμηλιῶνος,

191 3348 276 3433 apud
300 3348 389 3413 illum
412 3354 585 3424 Ληναιῶνος.
609 3346 657 3414 Of.
681 3347 718 3412 Ο.
741 3348 883 3434 Gilbert‚
908 3349 960 3414 die
983 3349 1122 3417 Festzeit
1144 3351 1201 3418 der

191 3465 359 3532 Attischen
383 3466 563 3551 Dionysien.
588 3465 674 3531 Giitt.
701 3466 804 3543 1872,
827 3489 879 3552 pg.
897 3468 946 3533 79.
963 3469 1000 3534 Α.
1015 3468 1200 3536 Mommsen.

190 3585 373 3669 Heortolog.
404 3584 487 3649 1864
510 3607 561 3670 pg.
586 3585 660 3650 332.

236 3701 339 3769 Schol.
363 3703 523 3769 charmid.
551 3704 613 3768 163
633 3703 660 3768 Β
684 3703 735 3766 ἐτ’
760 3704 972 3781 οἰκήματος·
997 3705 1044 3770 ε’τδ
1067 3711 1117 3770 τοῦ
1138 3705 1200 3770 δεσ·

191 3823 351 3905 μωτηρίου,
374 3823 411 3892 ὥς
433 3822 565 3896 Λυσίας,
592 3822 608 3896 ἢ
633 3822 680 3886 ἕτδ
705 3822 846 3907 πορνείου,
869 3824 906 3894 ῶς
929 3823 1065 3888 Ἀττικοί.

236 3939 374 4024 Hesych.
398 3940 527 4004 mutilus
549 3945 613 4005 est:
637 3938 786 4016 νίκημα·
803 3939 837 4004 τὸ
853 3940 1057 4019 δεσμωτήριον,
1073 3942 1200 4006 Ἀττικοὶ

191 4059 220 4122 δὲ
244 4057 276 4121 τὸ
300 4065 430 4148 πορνεῖον.
453 4057 493 4122 cf.
516 4058 653 4142 Interpr.
678 4059 719 4122 ad
743 4056 934 4141 Harpocrat.
959 4080 982 4124 s.
1004 4080 1030 4124 v.
1055 4059 1170 4134 οίιιημα.

237 4177 340 4244 Schol.
364 4178 465 4245 Alcib.
488 4178 536 4244 H:
565 4180 625 4243 147
650 4178 678 4242 Α
700 4181 886 4261 ἐτυυρίτη·
909 4180 1090 4263 ῶτοτίμψη,
1116 4181 1147 4263 ἢ,
1164 4183 1200 4254 ῶς

192 4305 254 4377 νῦν,
278 4299 437 4380 ἐφορμήοη.
