3154 5074
877 623 920 688 82

431 833 478 898 De
509 832 602 900 huius
630 831 748 902 Scholii
772 834 895 918 origine
920 856 983 901 non
1007 835 1101 902 aliter
1122 836 1313 903 iudicabunt
1339 838 1399 904 viri

387 951 472 1018 docti
495 959 592 1036 atque
615 973 713 1037 supra
736 953 776 1018 de
801 951 905 1019 Schol.
930 954 970 1019 ad
982 951 1113 1020 Theaet.
1134 955 1195 1020 146
1212 954 1249 1019 A.
1280 955 1405 1021 Admo-

387 1075 462 1142 dum
486 1073 601 1141 similia
625 1079 715 1158 sunt,
739 1093 823 1157 qnae
846 1072 1033 1140 Eustathius
1057 1073 1098 1140 ad
1122 1074 1214 1139 Iliad.
1235 1074 1337 1150 1289,
1355 1074 1400 1140 53

385 1217 403 1264 e
425 1195 566 1262 Suetonii
581 1193 688 1260 libello
704 1195 767 1272 περὶ
784 1201 839 1260 τῶν
856 1195 926 1274 παρ’
939 1192 1067 1268 Ἕλλησι
1084 1195 1204 1261 παιδιῶν
1220 1197 1399 1280 excerpsit,

384 1316 431 1382 ita
445 1321 553 1382 mmen
570 1322 607 1380 ut
623 1313 772 1382 Scholion
788 1313 978 1398 locupletius
991 1313 1046 1392 sit3
1060 1335 1134 1378 nam
1148 1315 1234 1398 apud
1248 1313 1399 1380 llustath.

385 1434 574 1500 omittuntur
606 1433 670 1498 tria
699 1453 817 1517 genera
847 1437 897 1496 τού
928 1431 1159 1513 ἀστραγαλίζων
1195 1433 1397 1514 (οὶρτιασαύς,

383 1554 495 1632 τρύπα,
520 1551 668 1630 durata),
692 1571 776 1634 quae
799 1556 906 1615 tamen
931 1571 951 1616 a
973 1549 1124 1616 Suetonio
1140 1558 1397 1618 commemorata

383 1669 481 1737 fuisse
520 1671 583 1756 (est
613 1667 794 1735 observatio
824 1667 955 1746 eohmi,
993 1667 1039 1732 De
1070 1666 1286 1753 Aristophane
1322 1669 1400 1754 Byz.

383 1797 416 1855 et
444 1787 595 1854 Suetonio
625 1785 743 1869 Tranq.
772 1785 861 1850 Enst.
886 1785 1092 1868 auctoribus,
1116 1809 1168 1870 pg.
1192 1787 1270 1868 357)
1295 1787 1395 1854 verba

383 1906 619 1982 demonstrant,
644 1904 760 1987 quibus
783 1903 931 1970 Eustath.
956 1923 987 1988 p.
1007 1906 1110 1982 1290,
1127 1906 1147 1970 3
1165 1905 1397 1990 disputationis

381 2022 476 2090 finem
500 2023 594 2089 fucit:
621 2025 658 2094 <tr
681 2021 710 2087 δὲ
732 2023 781 2087 καὶ
805 2029 924 2094 πολλοῖς
948 2021 1150 2100 ἀστραγάλοις
1174 2022 1291 2104 ἔπαιζον
1315 2025 1396 2090 aad&

381 2145 511 2223 καρύοις,
530 2140 664 2222 ζητητέον
679 2144 708 2206 ἐν
724 2143 764 2221 τῷ
781 2142 903 2221 Πλούτῳ
918 2147 968 2205 τού
980 2148 1106 2216 κωμικοῦ
1113 2188 1124 2228 ,X
1135 2140 1251 2225 quibus
1262 2162 1396 2226 respon-

381 2260 436 2326 det
468 2258 573 2326 Schol.
604 2258 685 2325 Plat.
778 2257 893 2339 ἔπαιζον
919 2257 950 2322 tt
972 2258 1175 2339 ἀστραγάλοις
1200 2258 1249 2323 καὶ
1273 2265 1395 2332 πολλοῖς

380 2379 512 2459 καθάπερ
542 2379 669 2458 καρύοις,
704 2378 760 2442 uhi
793 2377 891 2461 paulo
926 2383 1001 2462 post
1034 2375 1247 2458 Ἀριστοφάνης
1272 2376 1396 2458 Πλούτῳ

381 2497 475 2584 (816)
495 2495 671 2563 laudatur.''
694 2495 742 2563 Oi.
759 2495 849 2562 Phot.
867 2517 892 2560 v.
915 2497 1047 2580 τρύπα,
1068 2495 1155 2561 Suid.
1177 2499 1225 2565 τι.
1248 2499 1396 2577 οἱρτιασ-

379 2617 425 2696 μό
431 2641 463 2696 ς,
484 2615 628 2692 ύμιλλα
648 2622 680 2681 et
697 2614 811 2680 Pollux
824 2614 878 2680 ln
892 2615 1067 2694 94-103,
1084 2616 1139 2698 qui
1155 2615 1195 2681 de
1210 2614 1394 2682 Stesichoro

379 2735 476 2801 haec:
507 2734 556 2798 καὶ
588 2735 645 2811 μην
673 2733 724 2802 καὶ
756 2735 935 2814 Στησίχορος
967 2732 1104 2798 ἕκαλεῖτύ
1138 2758 1182 2804 τις
1216 2734 1298 2813 παροὶ
1331 2741 1394 2807 τοῖς

379 2852 644 2934 ύττραγαλύζουσιν
673 2853 788 2933 ἀριθμὸς
819 2851 848 2924 ὃς
880 2853 980 2928 ἐδήλου
1015 2852 1053 2917 τοὶ
1086 2853 1176 2918 ὀκτώ·
1207 2852 1255 2917 τὸν
1277 2853 1338 2930 γὰρ
1362 2855 1393 2917 ἐν

379 2971 476 3054 Ἱμέρα
509 2977 560 3036 τού
591 2976 707 3046 ποιητοῦ
743 2971 854 3050 τοὶΦον,
887 2970 920 3048 ἐξ
949 2973 1021 3036 ὀκτὼ
1055 2970 1172 3035 πύντων
1202 2970 1393 3050 συντεθέντα,

380 3091 564 3166 πεποιηκέναι
595 3093 648 3164 την
678 3090 771 3155 Πύντ’
804 3091 894 3168 ὀκτὼ,
928 3092 1008 3174 Φασὶ
1039 3089 1206 3168 παροιμίαν.
1253 3090 1301 3154 De
1330 3089 1393 3156 hoc

380 3208 546 3294 proverbio
577 3209 647 3274 vide
679 3208 770 3275 Phot.
802 3231 829 3275 v.
860 3209 962 3274 πάντα
992 3209 1082 3287 ὀκτώ,
1114 3208 1231 3274 Zenoh.
1264 3206 1301 3272 V.
1331 3207 1392 3282 78,

381 3325 416 3392 0.
440 3325 591 3405 Orosius,
609 3325 765 3392 Analecta
781 3327 894 3392 critica
909 3327 952 3392 ud
967 3313 1276 3410 Paroemiographos
1292 3323 1393 3390 Grue-

380 3465 444 3512 cos.
468 3445 612 3529 Lipsiae,
640 3443 742 3524 1883,
765 3446 821 3529 qui
845 3467 896 3530 pg.
920 3444 981 3511 50:
1006 3443 1085 3510 Mihi
1108 3465 1129 3509 a
1150 3442 1290 3508 talorum
1314 3442 1391 3510 ludo

379 3560 580 3647 proverbium
613 3562 765 3647 originem
789 3563 918 3628 duxisse
940 3562 1074 3645 videtur,
1098 3567 1135 3626 nt
1157 3565 1299 3645 spectet,
1327 3560 1391 3640 „ad

379 3699 465 3764 rem,
489 3700 572 3763 quae
594 3679 678 3746 forte
701 3678 831 3746 fortuna
853 3679 935 3746 bene
958 3679 1074 3746 cadat'
1095 3679 1248 3763 (Erasm.)
1272 3677 1392 3756 Quam·

379 3817 476 3880 quam
506 3819 563 3862 eur
594 3796 796 3864 Stesichorus
827 3798 1009 3883 appellatus
1040 3798 1081 3863 sit
1107 3797 1213 3862 iactus
1236 3796 1309 3876 ille,
1333 3796 1392 3881 qui

379 3913 463 3980 effici
492 3936 556 3981 uou
578 3921 707 3998 poterat
729 3916 791 3981 nisi
816 3917 953 3996 „unione
976 3921 1009 3981 et
1030 3914 1176 3982 temione
1199 3913 1390 3999 geminatis’'

379 4033 502 4116 (Klein,
528 4031 700 4098 Stesichori
723 4033 760 4098 fr.
784 4055 837 4118 pg.
861 4035 937 4117 28),
959 4033 1047 4099 haud
1072 4032 1152 4099 satis
1174 4033 1293 4116 liquet3
1313 4054 1391 4100 num

377 4151 429 4216 uix
452 4147 633 4234 probabilia
657 4156 731 4214 suut
746 4156 887 4218 veterum
904 4159 1084 4218 commenta
1100 4157 1158 4216 aut
1172 4152 1389 4218 recentiorum

377 4289 481 4353 nuper
502 4269 680 4352 composita
702 4276 735 4334 et
756 4270 898 4336 refutata
920 4292 941 4337 a
963 4269 1096 4336 Flaohio
1122 4269 1258 4350 „essen
1283 4271 1388 4340 ees.
