3150 5080
844 699 888 764 36

362 912 512 976 ridentur
529 910 658 976 llaberu
672 919 706 976 et
720 909 915 988 Schmidtio;
930 917 1046 976 uonna
1061 909 1226 994 Bopsenus
1241 916 1372 994 praeter

363 1029 557 1097 Pausaniam
588 1031 685 1096 etiarn
717 1030 839 1095 Aelium
864 1030 1052 1114 Dionysium
1074 1051 1248 1114 agnosoere
1270 1036 1375 1113 putat.

362 1147 435 1215 llon
458 1169 540 1234 opus
562 1157 628 1226 est,
650 1157 687 1214 ut
709 1169 795 1214 nunc
818 1148 939 1222 (licam,
963 1169 1125 1232 quaem
1146 1147 1273 1232 glossae
1298 1145 1376 1210 Dio-

364 1268 521 1352 geuiano‚
549 1289 632 1352 quae
655 1267 808 1351 Dionysio
831 1273 865 1332 et
886 1266 1067 1332 Pausaniae
1089 1267 1291 1342 tribuantur:
1314 1265 1376 1329 hoc

365 1407 480 1452 moneo
502 1386 685 1451 iamdudum
710 1386 912 1452 observatum
933 1407 1006 1450 esse
1019 1383 1280 1468 l-oographum
1295 1381 1376 1447 lieh-

365 1503 435 1570 keri
465 1525 561 1588 saepe
590 1505 732 1587 inlegras
763 1503 943 1588 glossarum
974 1503 1075 1567 serios
1101 1524 1119 1567 e
1141 1501 1269 1578 lexicis,
1293 1521 1377 1584 quae

367 1620 561 1700 adhibebat,
594 1621 855 1704 transcripsisse:
890 1620 1125 1703 Diogenianeas
1159 1619 1278 1684 collato
1311 1617 1377 1682 He-

367 1740 477 1826 sychia
510 1740 728 1823 unusquisque
758 1737 846 1804 sauli
876 1739 1006 1822 negotio
1036 1738 1164 1802 inrlieeh
1186 1736 1236 1804 Cl.
1257 1736 1374 1802 Nubat.

367 1857 492 1941 Proleg.
523 1879 574 1941 pg.
608 1857 672 1921 173
704 1877 776 1941 sqq.
804 1856 943 1941 Boysen.
964 1856 1006 1920 11
1029 1878 1081 1940 pg.
1103 1855 1158 1920 45.
1180 1853 1324 1939 Dionysii
1346 1860 1380 1918 et

368 1977 549 2042 Pausaniae
581 1969 680 2041 serie‘s
702 1975 884 2060 oomplnres
905 1975 1058 2040 iudicavit
1080 1974 1129 2038 vel
1152 1973 1295 2038 indicare
1317 1970 1379 2036 sibi

369 2095 456 2161 risus
488 2100 539 2160 est
559 2093 726 2180 Boysenm
748 2116 802 2179 pg.
824 2094 887 2178 46,
911 2093 972 2172 55,
994 2095 1048 2159 56.
1091 2091 1165 2158 Noli
1186 2097 1296 2156 tamen
1317 2112 1379 2174 pu·

368 2220 440 2280 tare
474 2235 584 2280 omnes
617 2214 742 2298 glossas
775 2220 869 2278 extra
903 2213 1003 2278 series
1037 2233 1076 2277 eo
1109 2212 1181 2294 ipso
1211 2230 1278 2275 non
1308 2229 1405 2282 esse,

371 2333 576 2418 Diogeniani‚
592 2332 754 2417 Dionysii,
768 2332 966 2408 Pausaniae:
982 2352 1057 2396 nam
1072 2331 1158 2395 inter
1173 2329 1233 2394 has
1249 2347 1377 2412 quoque

371 2457 462 2530 sunt,
485 2472 570 2536 quae
594 2451 674 2516 satis
697 2449 906 2535 probabiliter
926 2450 968 2516 ad
983 2471 1039 2514 eos
1055 2447 1244 2513 referantur.
1278 2447 1381 2512 Huius

372 2570 467 2637 lexici
497 2569 649 2635 rhet-orici
676 2569 801 2654 glossae
824 2569 949 2653 aliquot
971 2569 1068 2634 etiam
1091 2568 1125 2630 in
1149 2565 1284 2631 Scholiis
1307 2565 1383 2631 Pla·

371 2690 487 2756 tonicis
516 2688 675 2774 leguntur.
719 2687 878 2753 Exdtabo
908 2687 978 2764 hic,
1007 2707 1091 2770 quae
1122 2691 1223 2768 agunt
1250 2685 1290 2752 de
1313 2685 1382 2749 iure

372 2807 497 2875 laico:

418 3039 566 3118 immol
714 3040 821 3106 Schol.
849 3039 945 3124 legg.
961 3039 1007 3104 XI
1019 3066 1028 3106 ε
1040 3040 1107 3105 920
1120 3039 1159 3103 Ι).
1175 3037 1249 3102 Lex
1265 3037 1384 3103 rhetor.

1139 3155 1239 3228 Beklr,
1263 3156 1384 3235 23:330

420 3277 601 3354 εἰσαγγελία
840 3275 918 3359 Rep.
935 3274 1032 3340 VIII:
1045 3274 1111 3341 565
1126 3273 1152 3338 0
1265 3273 1385 3352 244,14

420 3397 576 3476 ἕπίσκνψνς
844 3393 940 3478 Legg.
959 3391 1027 3458 XI:
1039 3392 1103 3458 937
1124 3392 1152 3456 Β
1265 3391 1384 3468 2552?

422 3515 575 3594 ἐπωβελίαν
882 3564 899 3592 ,,
958 3512 1024 3578 XI:
1037 3513 1151 3577 9211)
1265 3508 1385 3587 25539

422 3635 526 3700 εὔθυνον
887 3683 903 3709 ,,
950 3631 1031 3696 XII:
1045 3629 1153 3696 945ss
1267 3627 1386 3702 257‚15

422 3756 616 3832 κακοτεχνιῶν
879 3801 896 3828 ,,
955 3748 1020 3814 XI:
1033 3749 1147 3814 9361)
1266 3744 1387 3825 268,24

423 3871 576 3951 πρυτάνεις
883 3920 899 3947 ,,
947 3867 1028 3933 XII:
1042 3866 1153 3934 9530
1266 3865 1365 3949 291‚4

423 4109 522 4175 Cuius
544 4107 642 4190 igitur
666 4106 727 4171 hae
751 4106 877 4189 glossae
901 4110 975 4170 sunl
997 4110 1029 4170 et
1051 4125 1117 4188 qua
1140 4103 1238 4168 visin
1256 4101 1386 4167 Scholia

380 4229 616 4312 pervenerunt?
640 4224 691 4290 Ad
703 4225 841 4309 priorem
854 4223 1073 4309 quaestionem
1087 4222 1194 4287 statim
1207 4220 1387 4304 respondeo

381 4347 522 4430 quinque
545 4351 723 4428 postremas
747 4344 780 4408 iu
803 4343 920 4408 Lexiuo
942 4342 1102 4408 rhetorico
1126 4341 1225 4406 Bekk.
1249 4341 1281 4404 in
1307 4339 1388 4404 serie
