<?xml version="1.0" encoding="UTF-8"?>
<!DOCTYPE html PUBLIC "-//W3C//DTD XHTML 1.0 Transitional//EN"
    "http://www.w3.org/TR/xhtml1/DTD/xhtml1-transitional.dtd">
<html xmlns="http://www.w3.org/1999/xhtml" xml:lang="en" lang="en">
 <head>
  <title>
</title>
<meta http-equiv="Content-Type" content="text/html;charset=utf-8" />
  <meta name='ocr-system' content='tesseract 3.04.00' />
  <meta name='ocr-capabilities' content='ocr_page ocr_carea ocr_par ocr_line ocrx_word'/>
</head>
<body>
  <div class='ocr_page' id='page_1' title='image "./dissertatiolitt00wolfgoog_0054.png"; bbox 0 0 3150 5080; ppageno 0'>
   <div class='ocr_carea' id='block_1_1' title="bbox 832 623 876 686">
    <p class='ocr_par' dir='ltr' id='par_1_1' title="bbox 832 623 876 686">
     <span class='ocr_line' id='line_1_1' title="bbox 832 623 876 686; baseline 0.045 -2"><span class='ocrx_word' id='word_1_1' title='bbox 832 623 876 686; x_wconf 82' lang='lat'><strong>42</strong></span> 
     </span>
    </p>
   </div>
   <div class='ocr_carea' id='block_1_2' title="bbox 269 829 1449 3642">
    <p class='ocr_par' dir='ltr' id='par_1_2' title="bbox 344 829 1358 2695">
     <span class='ocr_line' id='line_1_2' title="bbox 344 829 1352 914; baseline 0.001 -22"><span class='ocrx_word' id='word_1_2' title='bbox 344 829 621 909; x_wconf 70' lang='grc' dir='ltr'><strong>κατεχειροτόνησαν</strong></span> <span class='ocrx_word' id='word_1_3' title='bbox 642 835 698 893; x_wconf 79' lang='grc' dir='ltr'><strong>πῶν</strong></span> <span class='ocrx_word' id='word_1_4' title='bbox 722 829 836 910; x_wconf 74' lang='grc' dir='ltr'><em>ἀνδρῶν.</em></span> <span class='ocrx_word' id='word_1_5' title='bbox 874 829 985 914; x_wconf 81' lang='lat' dir='ltr'>Neque</span> <span class='ocrx_word' id='word_1_6' title='bbox 1008 838 1116 896; x_wconf 88' lang='lat' dir='ltr'><strong>tamen</strong></span> <span class='ocrx_word' id='word_1_7' title='bbox 1140 831 1201 896; x_wconf 91' lang='lat' dir='ltr'><strong>hac</strong></span> <span class='ocrx_word' id='word_1_8' title='bbox 1225 830 1352 894; x_wconf 87' lang='lat' dir='ltr'><strong>ratione</strong></span> 
     </span>
     <span class='ocr_line' id='line_1_3' title="bbox 344 948 1351 1034; baseline 0 -21"><span class='ocrx_word' id='word_1_9' title='bbox 344 948 502 1032; x_wconf 86' lang='lat' dir='ltr'><strong>disputari</strong></span> <span class='ocrx_word' id='word_1_10' title='bbox 532 969 628 1032; x_wconf 86' lang='lat' dir='ltr'><strong>posse</strong></span> <span class='ocrx_word' id='word_1_11' title='bbox 650 948 735 1015; x_wconf 89' lang='lat' dir='ltr'><strong>hanc</strong></span> <span class='ocrx_word' id='word_1_12' title='bbox 757 949 896 1034; x_wconf 78' lang='lat' dir='ltr'><strong>glossam</strong></span> <span class='ocrx_word' id='word_1_13' title='bbox 920 951 955 1016; x_wconf 93' lang='lat' dir='ltr'><strong>in</strong></span> <span class='ocrx_word' id='word_1_14' title='bbox 978 949 1109 1016; x_wconf 85' lang='lat' dir='ltr'><strong>Scholia</strong></span> <span class='ocrx_word' id='word_1_15' title='bbox 1132 971 1196 1015; x_wconf 90' lang='lat' dir='ltr'><strong>non</strong></span> <span class='ocrx_word' id='word_1_16' title='bbox 1220 949 1351 1014; x_wconf 87' lang='lat' dir='ltr'><strong>fluxisse</strong></span> 
     </span>
     <span class='ocr_line' id='line_1_4' title="bbox 345 1066 1355 1152; baseline 0 -22"><span class='ocrx_word' id='word_1_17' title='bbox 345 1087 363 1130; x_wconf 90' lang='lat' dir='ltr'><strong>e</strong></span> <span class='ocrx_word' id='word_1_18' title='bbox 392 1066 533 1146; x_wconf 83' lang='lat' dir='ltr'><strong>Boetho,</strong></span> <span class='ocrx_word' id='word_1_19' title='bbox 565 1067 599 1132; x_wconf 93' lang='lat' dir='ltr'><strong>id</strong></span> <span class='ocrx_word' id='word_1_20' title='bbox 630 1068 709 1133; x_wconf 87' lang='lat' dir='ltr'><strong>satis</strong></span> <span class='ocrx_word' id='word_1_21' title='bbox 740 1069 917 1152; x_wconf 78' lang='lat' dir='ltr'><strong>perspici03</strong></span> <span class='ocrx_word' id='word_1_22' title='bbox 949 1089 1025 1134; x_wconf 89' lang='lat' dir='ltr'><strong>nam</strong></span> <span class='ocrx_word' id='word_1_23' title='bbox 1056 1068 1098 1134; x_wconf 90' lang='lat' dir='ltr'><strong>sit</strong></span> <span class='ocrx_word' id='word_1_24' title='bbox 1131 1068 1238 1151; x_wconf 87' lang='lat' dir='ltr'><strong>glossa</strong></span> <span class='ocrx_word' id='word_1_25' title='bbox 1268 1066 1355 1150; x_wconf 89' lang='lat' dir='ltr'><strong>apud</strong></span> 
     </span>
     <span class='ocr_line' id='line_1_5' title="bbox 345 1184 1356 1270; baseline 0.002 -22"><span class='ocrx_word' id='word_1_26' title='bbox 345 1184 494 1251; x_wconf 89' lang='lat' dir='ltr'><strong>Photium</strong></span> <span class='ocrx_word' id='word_1_27' title='bbox 514 1205 532 1250; x_wconf 88' lang='lat' dir='ltr'><strong>e</strong></span> <span class='ocrx_word' id='word_1_28' title='bbox 547 1185 649 1251; x_wconf 88' lang='lat' dir='ltr'><strong>lexico</strong></span> <span class='ocrx_word' id='word_1_29' title='bbox 665 1185 825 1253; x_wconf 88' lang='lat' dir='ltr'><strong>rhetorico</strong></span> <span class='ocrx_word' id='word_1_30' title='bbox 842 1187 1005 1264; x_wconf 81' lang='lat' dir='ltr'><strong>deaurata,</strong></span> <span class='ocrx_word' id='word_1_31' title='bbox 1021 1185 1091 1252; x_wconf 88' lang='lat' dir='ltr'><strong>fieri</strong></span> <span class='ocrx_word' id='word_1_32' title='bbox 1107 1192 1215 1252; x_wconf 83' lang='lat' dir='ltr'><strong>tamen</strong></span> <span class='ocrx_word' id='word_1_33' title='bbox 1231 1192 1356 1270; x_wconf 88' lang='lat' dir='ltr'><strong>potest,</strong></span> 
     </span>
     <span class='ocr_line' id='line_1_6' title="bbox 345 1302 1356 1389; baseline 0.001 -21"><span class='ocrx_word' id='word_1_34' title='bbox 345 1311 382 1368; x_wconf 93' lang='lat' dir='ltr'><strong>ut</strong></span> <span class='ocrx_word' id='word_1_35' title='bbox 405 1323 426 1368; x_wconf 90' lang='lat' dir='ltr'><strong>a</strong></span> <span class='ocrx_word' id='word_1_36' title='bbox 449 1302 630 1370; x_wconf 78' lang='lat' dir='ltr'><strong>Scholiasta</strong></span> <span class='ocrx_word' id='word_1_37' title='bbox 651 1325 670 1370; x_wconf 89' lang='lat' dir='ltr'><strong>e</strong></span> <span class='ocrx_word' id='word_1_38' title='bbox 691 1305 815 1371; x_wconf 79' lang='lat' dir='ltr'><strong>Boetho</strong></span> <span class='ocrx_word' id='word_1_39' title='bbox 838 1305 942 1389; x_wconf 86' lang='lat' dir='ltr'><strong>petita</strong></span> <span class='ocrx_word' id='word_1_40' title='bbox 964 1305 1021 1380; x_wconf 86' lang='lat' dir='ltr'><strong>sit,</strong></span> <span class='ocrx_word' id='word_1_41' title='bbox 1046 1306 1101 1388; x_wconf 87' lang='lat' dir='ltr'><strong>qui</strong></span> <span class='ocrx_word' id='word_1_42' title='bbox 1125 1305 1229 1370; x_wconf 78' lang='lat' dir='ltr'><strong>lexico</strong></span> <span class='ocrx_word' id='word_1_43' title='bbox 1248 1304 1356 1382; x_wconf 75' lang='lat' dir='ltr'><strong>rheto-</strong></span> 
     </span>
     <span class='ocr_line' id='line_1_7' title="bbox 346 1421 1357 1507; baseline 0 -21"><span class='ocrx_word' id='word_1_44' title='bbox 346 1421 416 1490; x_wconf 86' lang='lat' dir='ltr'><strong>rica</strong></span> <span class='ocrx_word' id='word_1_45' title='bbox 438 1421 637 1500; x_wconf 82' lang='lat' dir='ltr'><strong>adhibuerit3</strong></span> <span class='ocrx_word' id='word_1_46' title='bbox 660 1423 722 1489; x_wconf 92' lang='lat' dir='ltr'><strong>hoc</strong></span> <span class='ocrx_word' id='word_1_47' title='bbox 742 1428 868 1488; x_wconf 89' lang='lat' dir='ltr'><strong>tantum</strong></span> <span class='ocrx_word' id='word_1_48' title='bbox 885 1423 1023 1507; x_wconf 87' lang='lat' dir='ltr'><strong>probare</strong></span> <span class='ocrx_word' id='word_1_49' title='bbox 1039 1422 1140 1500; x_wconf 88' lang='lat' dir='ltr'><strong>volui,</strong></span> <span class='ocrx_word' id='word_1_50' title='bbox 1157 1421 1234 1506; x_wconf 90' lang='lat' dir='ltr'><strong>quia</strong></span> <span class='ocrx_word' id='word_1_51' title='bbox 1248 1421 1357 1504; x_wconf 81' lang='lat' dir='ltr'><strong>glossa</strong></span> 
     </span>
     <span class='ocr_line' id='line_1_8' title="bbox 346 1539 1356 1618; baseline -0.002 -13"><span class='ocrx_word' id='word_1_52' title='bbox 346 1540 458 1606; x_wconf 89' lang='lat' dir='ltr'><strong>eadem</strong></span> <span class='ocrx_word' id='word_1_53' title='bbox 489 1540 538 1606; x_wconf 85' lang='lat' dir='ltr'><strong>vel</strong></span> <span class='ocrx_word' id='word_1_54' title='bbox 570 1541 681 1607; x_wconf 90' lang='lat' dir='ltr'><strong>similis</strong></span> <span class='ocrx_word' id='word_1_55' title='bbox 711 1541 745 1606; x_wconf 92' lang='lat' dir='ltr'><strong>iu</strong></span> <span class='ocrx_word' id='word_1_56' title='bbox 778 1540 890 1607; x_wconf 91' lang='lat' dir='ltr'><strong>Photio</strong></span> <span class='ocrx_word' id='word_1_57' title='bbox 917 1548 950 1606; x_wconf 85' lang='lat' dir='ltr'><strong>et</strong></span> <span class='ocrx_word' id='word_1_58' title='bbox 971 1541 1005 1605; x_wconf 92' lang='lat' dir='ltr'><strong>in</strong></span> <span class='ocrx_word' id='word_1_59' title='bbox 1029 1539 1165 1606; x_wconf 89' lang='lat' dir='ltr'><strong>Scholiis</strong></span> <span class='ocrx_word' id='word_1_60' title='bbox 1190 1546 1356 1618; x_wconf 85' lang='lat' dir='ltr'><strong>occurrat,</strong></span> 
     </span>
     <span class='ocr_line' id='line_1_9' title="bbox 346 1657 1354 1745; baseline -0.002 -21"><span class='ocrx_word' id='word_1_61' title='bbox 346 1680 410 1725; x_wconf 91' lang='lat' dir='ltr'><strong>non</strong></span> <span class='ocrx_word' id='word_1_62' title='bbox 440 1660 621 1726; x_wconf 88' lang='lat' dir='ltr'><strong>necessario</strong></span> <span class='ocrx_word' id='word_1_63' title='bbox 652 1659 727 1726; x_wconf 90' lang='lat' dir='ltr'><strong>inde</strong></span> <span class='ocrx_word' id='word_1_64' title='bbox 757 1660 864 1745; x_wconf 89' lang='lat' dir='ltr'><strong>sequi,</strong></span> <span class='ocrx_word' id='word_1_65' title='bbox 894 1659 979 1744; x_wconf 90' lang='lat' dir='ltr'><strong>apud</strong></span> <span class='ocrx_word' id='word_1_66' title='bbox 1003 1666 1174 1744; x_wconf 89' lang='lat' dir='ltr'><strong>utrumque</strong></span> <span class='ocrx_word' id='word_1_67' title='bbox 1197 1680 1215 1724; x_wconf 89' lang='lat' dir='ltr'><strong>e</strong></span> <span class='ocrx_word' id='word_1_68' title='bbox 1239 1657 1354 1725; x_wconf 79' lang='lat' dir='ltr'><strong>Boethi</strong></span> 
     </span>
     <span class='ocr_line' id='line_1_10' title="bbox 345 1777 1355 1861; baseline -0.002 -19"><span class='ocrx_word' id='word_1_69' title='bbox 345 1777 462 1843; x_wconf 82' lang='lat' dir='ltr'><strong>libellis</strong></span> <span class='ocrx_word' id='word_1_70' title='bbox 493 1777 683 1861; x_wconf 85' lang='lat' dir='ltr'><strong>provenisse.</strong></span> <span class='ocrx_word' id='word_1_71' title='bbox 730 1777 800 1842; x_wconf 90' lang='lat' dir='ltr'><strong>Iam</strong></span> <span class='ocrx_word' id='word_1_72' title='bbox 823 1778 851 1843; x_wconf 90' lang='lat' dir='ltr'><strong>si</strong></span> <span class='ocrx_word' id='word_1_73' title='bbox 874 1785 997 1844; x_wconf 86' lang='lat' dir='ltr'><strong>ceteras</strong></span> <span class='ocrx_word' id='word_1_74' title='bbox 1020 1777 1145 1860; x_wconf 77' lang='lat' dir='ltr'><strong>glossas</strong></span> <span class='ocrx_word' id='word_1_75' title='bbox 1169 1777 1355 1842; x_wconf 87' lang='lat' dir='ltr'><strong>considera-</strong></span> 
     </span>
     <span class='ocr_line' id='line_1_11' title="bbox 347 1893 1355 1975; baseline -0.006 -15"><span class='ocrx_word' id='word_1_76' title='bbox 347 1917 435 1975; x_wconf 89' lang='lat' dir='ltr'><strong>mus,</strong></span> <span class='ocrx_word' id='word_1_77' title='bbox 458 1895 633 1961; x_wconf 85' lang='lat' dir='ltr'><strong>invenimus</strong></span> <span class='ocrx_word' id='word_1_78' title='bbox 656 1917 720 1962; x_wconf 91' lang='lat' dir='ltr'><strong>non</strong></span> <span class='ocrx_word' id='word_1_79' title='bbox 743 1894 896 1961; x_wconf 87' lang='lat' dir='ltr'><strong>dissimile</strong></span> <span class='ocrx_word' id='word_1_80' title='bbox 918 1897 983 1962; x_wconf 82' lang='lat' dir='ltr'><strong>veri</strong></span> <span class='ocrx_word' id='word_1_81' title='bbox 999 1915 1069 1961; x_wconf 87' lang='lat' dir='ltr'><strong>esse</strong></span> <span class='ocrx_word' id='word_1_82' title='bbox 1085 1894 1184 1974; x_wconf 89' lang='lat' dir='ltr'><strong>duas,</strong></span> <span class='ocrx_word' id='word_1_83' title='bbox 1200 1893 1355 1970; x_wconf 74' lang='grc' dir='ltr'><em>ἐπωβειίιι</em></span> 
     </span>
     <span class='ocr_line' id='line_1_12' title="bbox 346 2011 1355 2104; baseline -0.006 -22"><span class='ocrx_word' id='word_1_84' title='bbox 346 2021 379 2082; x_wconf 87' lang='lat' dir='ltr'><strong>et</strong></span> <span class='ocrx_word' id='word_1_85' title='bbox 409 2015 531 2092; x_wconf 76' lang='grc' dir='ltr'><em>εὗθυνιι,</em></span> <span class='ocrx_word' id='word_1_86' title='bbox 563 2035 581 2079; x_wconf 89' lang='lat' dir='ltr'><strong>e</strong></span> <span class='ocrx_word' id='word_1_87' title='bbox 610 2015 713 2081; x_wconf 88' lang='lat' dir='ltr'><strong>lexico</strong></span> <span class='ocrx_word' id='word_1_88' title='bbox 744 2015 904 2080; x_wconf 86' lang='lat' dir='ltr'><strong>rhetorico</strong></span> <span class='ocrx_word' id='word_1_89' title='bbox 936 2014 1106 2080; x_wconf 79' lang='lat' dir='ltr'><strong>Atticistae</strong></span> <span class='ocrx_word' id='word_1_90' title='bbox 1129 2033 1151 2078; x_wconf 91' lang='lat' dir='ltr'><strong>a</strong></span> <span class='ocrx_word' id='word_1_91' title='bbox 1174 2011 1355 2104; x_wconf 78' lang='lat' dir='ltr'><strong>Scholiasta</strong></span> 
     </span>
     <span class='ocr_line' id='line_1_13' title="bbox 347 2133 1358 2212; baseline -0.006 -14"><span class='ocrx_word' id='word_1_92' title='bbox 347 2133 509 2200; x_wconf 86' lang='lat' dir='ltr'><strong>desumtas</strong></span> <span class='ocrx_word' id='word_1_93' title='bbox 543 2153 629 2212; x_wconf 85' lang='lat' dir='ltr'><strong>esse3</strong></span> <span class='ocrx_word' id='word_1_94' title='bbox 661 2139 745 2212; x_wconf 79' lang='lat' dir='ltr'><strong>trec,</strong></span> <span class='ocrx_word' id='word_1_95' title='bbox 776 2135 924 2207; x_wconf 65' lang='lat' dir='ltr'><strong>demiserat</strong></span> <span class='ocrx_word' id='word_1_96' title='bbox 931 2184 940 2207; x_wconf 84' lang='grc'>,</span> <span class='ocrx_word' id='word_1_97' title='bbox 965 2134 1164 2210; x_wconf 67' lang='grc' dir='ltr'><strong>εἰσαγγελία,</strong></span> <span class='ocrx_word' id='word_1_98' title='bbox 1189 2133 1358 2211; x_wconf 70' lang='grc' dir='ltr'><em>πρυτάνεις,</em></span> 
     </span>
     <span class='ocr_line' id='line_1_14' title="bbox 346 2251 1358 2338; baseline -0.002 -20"><span class='ocrx_word' id='word_1_99' title='bbox 346 2252 416 2320; x_wconf 86' lang='lat' dir='ltr'><strong>fieri</strong></span> <span class='ocrx_word' id='word_1_100' title='bbox 440 2275 534 2338; x_wconf 89' lang='lat' dir='ltr'><strong>posse</strong></span> <span class='ocrx_word' id='word_1_101' title='bbox 557 2258 595 2320; x_wconf 93' lang='lat' dir='ltr'><strong>ut</strong></span> <span class='ocrx_word' id='word_1_102' title='bbox 616 2253 758 2320; x_wconf 84' lang='lat' dir='ltr'><strong>indidem</strong></span> <span class='ocrx_word' id='word_1_103' title='bbox 778 2253 998 2336; x_wconf 80' lang='lat' dir='ltr'><strong>provenerint3</strong></span> <span class='ocrx_word' id='word_1_104' title='bbox 1015 2253 1055 2318; x_wconf 89' lang='lat' dir='ltr'><strong>de</strong></span> <span class='ocrx_word' id='word_1_105' title='bbox 1072 2251 1197 2317; x_wconf 89' lang='lat' dir='ltr'><strong>duabus</strong></span> <span class='ocrx_word' id='word_1_106' title='bbox 1212 2257 1358 2330; x_wconf 89' lang='lat' dir='ltr'><strong>tantum,</strong></span> 
     </span>
     <span class='ocr_line' id='line_1_15' title="bbox 348 2371 1357 2453; baseline -0.004 -15"><span class='ocrx_word' id='word_1_107' title='bbox 348 2375 505 2453; x_wconf 71' lang='grc' dir='ltr'><em>ἕπὶπιινψις</em></span> <span class='ocrx_word' id='word_1_108' title='bbox 529 2377 562 2438; x_wconf 85' lang='lat' dir='ltr'><strong>ot</strong></span> <span class='ocrx_word' id='word_1_109' title='bbox 584 2379 779 2451; x_wconf 69' lang='grc' dir='ltr'><strong>κακοτεχνιῶν</strong></span> <span class='ocrx_word' id='word_1_110' title='bbox 802 2372 882 2446; x_wconf 70' lang='lat' dir='ltr'><strong>dian,</strong></span> <span class='ocrx_word' id='word_1_111' title='bbox 908 2392 976 2436; x_wconf 87' lang='lat' dir='ltr'><strong>rem</strong></span> <span class='ocrx_word' id='word_1_112' title='bbox 991 2371 1084 2436; x_wconf 83' lang='lat' dir='ltr'><strong>valde</strong></span> <span class='ocrx_word' id='word_1_113' title='bbox 1098 2371 1254 2436; x_wconf 85' lang='lat' dir='ltr'><strong>incertam</strong></span> <span class='ocrx_word' id='word_1_114' title='bbox 1270 2389 1357 2452; x_wconf 86' lang='lat' dir='ltr'><strong>esse,</strong></span> 
     </span>
     <span class='ocr_line' id='line_1_16' title="bbox 348 2487 1353 2576; baseline -0.006 -19"><span class='ocrx_word' id='word_1_115' title='bbox 348 2491 435 2576; x_wconf 91' lang='lat' dir='ltr'><strong>quod</strong></span> <span class='ocrx_word' id='word_1_116' title='bbox 464 2491 578 2558; x_wconf 89' lang='lat' dir='ltr'><strong>iisdem</strong></span> <span class='ocrx_word' id='word_1_117' title='bbox 607 2490 755 2557; x_wconf 85' lang='lat' dir='ltr'><strong>laborent</strong></span> <span class='ocrx_word' id='word_1_118' title='bbox 786 2489 873 2574; x_wconf 84' lang='lat' dir='ltr'><strong>apud</strong></span> <span class='ocrx_word' id='word_1_119' title='bbox 904 2488 1116 2556; x_wconf 89' lang='lat' dir='ltr'><strong>Scholiastam</strong></span> <span class='ocrx_word' id='word_1_120' title='bbox 1149 2493 1182 2554; x_wconf 86' lang='lat' dir='ltr'><strong>et</strong></span> <span class='ocrx_word' id='word_1_121' title='bbox 1203 2487 1353 2553; x_wconf 90' lang='lat' dir='ltr'><strong>Photium</strong></span> 
     </span>
     <span class='ocr_line' id='line_1_17' title="bbox 349 2610 1032 2695; baseline 0.001 -18"><span class='ocrx_word' id='word_1_122' title='bbox 349 2610 551 2695; x_wconf 83' lang='lat' dir='ltr'><strong>corruptelis.</strong></span> <span class='ocrx_word' id='word_1_123' title='bbox 1025 2665 1032 2678; x_wconf 88' lang='lat'><strong>.</strong></span> 
     </span>
    </p>

    <p class='ocr_par' dir='ltr' id='par_1_3' title="bbox 269 2722 1449 3642">
     <span class='ocr_line' id='line_1_18' title="bbox 395 2722 1360 2816; baseline -0.009 -18"><span class='ocrx_word' id='word_1_124' title='bbox 395 2730 477 2798; x_wconf 90' lang='lat' dir='ltr'><strong>Sunt</strong></span> <span class='ocrx_word' id='word_1_125' title='bbox 506 2729 604 2816; x_wconf 84' lang='lat' dir='ltr'><strong>igitur</strong></span> <span class='ocrx_word' id='word_1_126' title='bbox 633 2729 717 2794; x_wconf 83' lang='lat' dir='ltr'><strong>inter</strong></span> <span class='ocrx_word' id='word_1_127' title='bbox 746 2728 806 2794; x_wconf 91' lang='lat' dir='ltr'><strong>has</strong></span> <span class='ocrx_word' id='word_1_128' title='bbox 833 2728 975 2813; x_wconf 87' lang='lat' dir='ltr'><strong>glossas,</strong></span> <span class='ocrx_word' id='word_1_129' title='bbox 1008 2725 1188 2810; x_wconf 86' lang='lat' dir='ltr'><strong>dequibus</strong></span> <span class='ocrx_word' id='word_1_130' title='bbox 1212 2722 1360 2790; x_wconf 88' lang='lat' dir='ltr'><strong>dubitare</strong></span> 
     </span>
     <span class='ocr_line' id='line_1_19' title="bbox 350 2841 1358 2934; baseline -0.008 -20"><span class='ocrx_word' id='word_1_131' title='bbox 350 2849 472 2934; x_wconf 87' lang='lat' dir='ltr'><strong>possis,</strong></span> <span class='ocrx_word' id='word_1_132' title='bbox 488 2869 554 2934; x_wconf 91' lang='lat' dir='ltr'><strong>qua</strong></span> <span class='ocrx_word' id='word_1_133' title='bbox 568 2848 620 2913; x_wconf 87' lang='lat' dir='ltr'><strong>via</strong></span> <span class='ocrx_word' id='word_1_134' title='bbox 634 2849 669 2913; x_wconf 93' lang='lat' dir='ltr'><strong>in</strong></span> <span class='ocrx_word' id='word_1_135' title='bbox 689 2846 819 2913; x_wconf 83' lang='lat' dir='ltr'><strong>Scholia</strong></span> <span class='ocrx_word' id='word_1_136' title='bbox 834 2845 1052 2930; x_wconf 82' lang='lat' dir='ltr'><strong>pervenerint3</strong></span> <span class='ocrx_word' id='word_1_137' title='bbox 1069 2844 1182 2911; x_wconf 87' lang='lat' dir='ltr'><strong>eadem</strong></span> <span class='ocrx_word' id='word_1_138' title='bbox 1199 2841 1358 2909; x_wconf 86' lang='lat' dir='ltr'><strong>dubitatio</strong></span> 
     </span>
     <span class='ocr_line' id='line_1_20' title="bbox 282 2959 1358 3051; baseline -0.008 -18"><span class='ocrx_word' id='word_1_139' title='bbox 282 2989 287 3000; x_wconf 65' lang='lat'><strong>¹</strong></span> <span class='ocrx_word' id='word_1_140' title='bbox 348 2967 382 3033; x_wconf 93' lang='lat' dir='ltr'><strong>in</strong></span> <span class='ocrx_word' id='word_1_141' title='bbox 413 2966 485 3034; x_wconf 89' lang='lat' dir='ltr'><strong>aliis</strong></span> <span class='ocrx_word' id='word_1_142' title='bbox 508 2987 636 3051; x_wconf 90' lang='lat' dir='ltr'><strong>quoque</strong></span> <span class='ocrx_word' id='word_1_143' title='bbox 660 2966 772 3045; x_wconf 87' lang='lat' dir='ltr'><strong>oritur,</strong></span> <span class='ocrx_word' id='word_1_144' title='bbox 794 2965 904 3048; x_wconf 84' lang='lat' dir='ltr'><strong>itaque</strong></span> <span class='ocrx_word' id='word_1_145' title='bbox 928 2963 1035 3029; x_wconf 91' lang='lat' dir='ltr'><strong>omnia</strong></span> <span class='ocrx_word' id='word_1_146' title='bbox 1058 2962 1198 3047; x_wconf 89' lang='lat' dir='ltr'><strong>quaein</strong></span> <span class='ocrx_word' id='word_1_147' title='bbox 1222 2959 1358 3028; x_wconf 88' lang='lat' dir='ltr'><strong>Scholiis</strong></span> 
     </span>
     <span class='ocr_line' id='line_1_21' title="bbox 350 3080 1356 3172; baseline -0.008 -21"><span class='ocrx_word' id='word_1_148' title='bbox 350 3087 537 3172; x_wconf 84' lang='lat' dir='ltr'><strong>Dionysium</strong></span> <span class='ocrx_word' id='word_1_149' title='bbox 568 3086 616 3151; x_wconf 87' lang='lat' dir='ltr'><strong>vel</strong></span> <span class='ocrx_word' id='word_1_150' title='bbox 644 3083 837 3150; x_wconf 86' lang='lat' dir='ltr'><strong>Pausaniam</strong></span> <span class='ocrx_word' id='word_1_151' title='bbox 868 3089 1030 3150; x_wconf 88' lang='lat' dir='ltr'><strong>auctorem</strong></span> <span class='ocrx_word' id='word_1_152' title='bbox 1054 3081 1174 3146; x_wconf 88' lang='lat' dir='ltr'><strong>habere</strong></span> <span class='ocrx_word' id='word_1_153' title='bbox 1196 3080 1356 3156; x_wconf 85' lang='lat' dir='ltr'><strong>videntur,</strong></span> 
     </span>
     <span class='ocr_line' id='line_1_22' title="bbox 351 3199 1358 3290; baseline -0.011 -20"><span class='ocrx_word' id='word_1_154' title='bbox 351 3205 504 3290; x_wconf 87' lang='lat' dir='ltr'><strong>singulari</strong></span> <span class='ocrx_word' id='word_1_155' title='bbox 535 3204 641 3288; x_wconf 84' lang='lat' dir='ltr'><strong>capite</strong></span> <span class='ocrx_word' id='word_1_156' title='bbox 672 3208 869 3268; x_wconf 82' lang='lat' dir='ltr'><strong>tractaturus</strong></span> <span class='ocrx_word' id='word_1_157' title='bbox 902 3221 990 3280; x_wconf 89' lang='lat' dir='ltr'><strong>sum,</strong></span> <span class='ocrx_word' id='word_1_158' title='bbox 1022 3205 1129 3266; x_wconf 90' lang='lat' dir='ltr'><strong>utrum</strong></span> <span class='ocrx_word' id='word_1_159' title='bbox 1162 3199 1270 3282; x_wconf 84' lang='lat' dir='ltr'><strong>glossa</strong></span> <span class='ocrx_word' id='word_1_160' title='bbox 1299 3216 1358 3280; x_wconf 87' lang='lat' dir='ltr'><strong>per</strong></span> 
     </span>
     <span class='ocr_line' id='line_1_23' title="bbox 350 3317 1357 3400; baseline -0.012 -9"><span class='ocrx_word' id='word_1_161' title='bbox 350 3324 508 3390; x_wconf 90' lang='lat' dir='ltr'><strong>Boethum</strong></span> <span class='ocrx_word' id='word_1_162' title='bbox 529 3323 563 3387; x_wconf 89' lang='lat' dir='ltr'><strong>in</strong></span> <span class='ocrx_word' id='word_1_163' title='bbox 587 3321 716 3388; x_wconf 88' lang='lat' dir='ltr'><strong>Scholia</strong></span> <span class='ocrx_word' id='word_1_164' title='bbox 737 3320 865 3386; x_wconf 86' lang='lat' dir='ltr'><strong>fluxerit</strong></span> <span class='ocrx_word' id='word_1_165' title='bbox 880 3339 979 3385; x_wconf 89' lang='lat' dir='ltr'><strong>necue</strong></span> <span class='ocrx_word' id='word_1_166' title='bbox 994 3321 1028 3383; x_wconf 90' lang='lat' dir='ltr'><strong>in</strong></span> <span class='ocrx_word' id='word_1_167' title='bbox 1043 3318 1149 3384; x_wconf 89' lang='lat' dir='ltr'><strong>medio</strong></span> <span class='ocrx_word' id='word_1_168' title='bbox 1164 3317 1357 3400; x_wconf 88' lang='lat' dir='ltr'><strong>relinquens.</strong></span> 
     </span>
     <span class='ocr_line' id='line_1_24' title="bbox 269 3433 1449 3528; baseline -0.01 -18"><span class='ocrx_word' id='word_1_169' title='bbox 269 3513 271 3518; x_wconf 66' lang='grc'><strong>,</strong></span> <span class='ocrx_word' id='word_1_170' title='bbox 351 3445 399 3510; x_wconf 89' lang='lat' dir='ltr'><strong>De</strong></span> <span class='ocrx_word' id='word_1_171' title='bbox 430 3442 544 3528; x_wconf 87' lang='lat' dir='ltr'><strong>glossis</strong></span> <span class='ocrx_word' id='word_1_172' title='bbox 576 3441 618 3507; x_wconf 94' lang='lat' dir='ltr'><strong>ad</strong></span> <span class='ocrx_word' id='word_1_173' title='bbox 648 3441 698 3506; x_wconf 90' lang='lat' dir='ltr'><strong>ius</strong></span> <span class='ocrx_word' id='word_1_174' title='bbox 729 3440 869 3506; x_wconf 88' lang='lat' dir='ltr'><strong>Atticum</strong></span> <span class='ocrx_word' id='word_1_175' title='bbox 903 3437 1137 3523; x_wconf 88' lang='lat' dir='ltr'><strong>pertinentibus</strong></span> <span class='ocrx_word' id='word_1_176' title='bbox 1160 3435 1255 3502; x_wconf 89' lang='lat' dir='ltr'><strong>modo</strong></span> <span class='ocrx_word' id='word_1_177' title='bbox 1278 3433 1358 3512; x_wconf 85' lang='lat' dir='ltr'><strong>dixi;</strong></span> <span class='ocrx_word' id='word_1_178' title='bbox 1442 3487 1449 3498; x_wconf 94' lang='lat'>.</span> 
     </span>
     <span class='ocr_line' id='line_1_25' title="bbox 352 3553 1362 3642; baseline -0.012 -14"><span class='ocrx_word' id='word_1_179' title='bbox 352 3583 436 3630; x_wconf 89' lang='lat' dir='ltr'><strong>nunc</strong></span> <span class='ocrx_word' id='word_1_180' title='bbox 457 3553 629 3627; x_wconf 70' lang='lat' dir='ltr'><strong>¹videndum</strong></span> <span class='ocrx_word' id='word_1_181' title='bbox 652 3561 692 3626; x_wconf 88' lang='lat' dir='ltr'><strong>de</strong></span> <span class='ocrx_word' id='word_1_182' title='bbox 716 3559 841 3624; x_wconf 89' lang='lat' dir='ltr'><strong>ceteris.</strong></span> <span class='ocrx_word' id='word_1_183' title='bbox 886 3559 946 3624; x_wconf 86' lang='lat' dir='ltr'><strong>Est</strong></span> <span class='ocrx_word' id='word_1_184' title='bbox 969 3558 1056 3642; x_wconf 91' lang='lat' dir='ltr'><strong>apud</strong></span> <span class='ocrx_word' id='word_1_185' title='bbox 1081 3555 1228 3622; x_wconf 89' lang='lat' dir='ltr'><strong>Photium</strong></span> <span class='ocrx_word' id='word_1_186' title='bbox 1251 3553 1362 3639; x_wconf 87' lang='lat' dir='ltr'><strong>glossa</strong></span> 
     </span>
    </p>
   </div>
   <div class='ocr_carea' id='block_1_3' title="bbox 352 3671 1364 4363">
    <p class='ocr_par' dir='ltr' id='par_1_4' title="bbox 352 3671 1364 4363">
     <span class='ocr_line' id='line_1_26' title="bbox 352 3671 1361 3766; baseline -0.012 -19"><span class='ocrx_word' id='word_1_187' title='bbox 352 3687 412 3747; x_wconf 78' lang='lat' dir='ltr'><strong>cii·</strong></span> <span class='ocrx_word' id='word_1_188' title='bbox 445 3680 667 3761; x_wconf 62' lang='lat' dir='ltr'><strong>septemsalices</strong></span> <span class='ocrx_word' id='word_1_189' title='bbox 696 3680 738 3742; x_wconf 77' lang='lat' dir='ltr'><strong>ccl</strong></span> <span class='ocrx_word' id='word_1_190' title='bbox 770 3679 849 3756; x_wconf 76' lang='grc' dir='ltr'><em>σῷοι·</em></span> <span class='ocrx_word' id='word_1_191' title='bbox 880 3675 987 3756; x_wconf 66' lang='lat' dir='ltr'><strong>sipara</strong></span> <span class='ocrx_word' id='word_1_192' title='bbox 1012 3676 1040 3740; x_wconf 79' lang='grc' dir='ltr'><strong>δὲ</strong></span> <span class='ocrx_word' id='word_1_193' title='bbox 1064 3675 1111 3740; x_wconf 75' lang='grc' dir='ltr'><strong>ἐπὶ</strong></span> <span class='ocrx_word' id='word_1_194' title='bbox 1136 3677 1257 3747; x_wconf 73' lang='lat' dir='ltr'><strong>latomi</strong></span> <span class='ocrx_word' id='word_1_195' title='bbox 1280 3671 1361 3766; x_wconf 72' lang='grc' dir='ltr'><strong>σιῖιὶ</strong></span> 
     </span>
     <span class='ocr_line' id='line_1_27' title="bbox 353 3791 1363 3882; baseline -0.013 -16"><span class='ocrx_word' id='word_1_196' title='bbox 353 3803 437 3873; x_wconf 79' lang='grc' dir='ltr'><em>πόλις</em></span> <span class='ocrx_word' id='word_1_197' title='bbox 472 3796 524 3864; x_wconf 80' lang='grc' dir='ltr'><em>οἷον</em></span> <span class='ocrx_word' id='word_1_198' title='bbox 560 3798 621 3882; x_wconf 66' lang='lat' dir='ltr'><strong>ogia</strong></span> <span class='ocrx_word' id='word_1_199' title='bbox 656 3803 673 3875; x_wconf 73' lang='grc' dir='ltr'><em>ἡ</em></span> <span class='ocrx_word' id='word_1_200' title='bbox 707 3799 809 3875; x_wconf 78' lang='grc' dir='ltr'><em>πόλις,</em></span> <span class='ocrx_word' id='word_1_201' title='bbox 841 3817 937 3881; x_wconf 88' lang='lat' dir='ltr'><strong>quam</strong></span> <span class='ocrx_word' id='word_1_202' title='bbox 967 3795 1112 3860; x_wconf 86' lang='lat' dir='ltr'><strong>Naberus</strong></span> <span class='ocrx_word' id='word_1_203' title='bbox 1144 3791 1258 3860; x_wconf 87' lang='lat' dir='ltr'><strong>Boethi</strong></span> <span class='ocrx_word' id='word_1_204' title='bbox 1291 3810 1363 3857; x_wconf 85' lang='lat' dir='ltr'><strong>essa</strong></span> 
     </span>
     <span class='ocr_line' id='line_1_28' title="bbox 354 3913 1361 3990; baseline -0.013 -4"><span class='ocrx_word' id='word_1_205' title='bbox 354 3921 517 3986; x_wconf 84' lang='lat' dir='ltr'><strong>contendit</strong></span> <span class='ocrx_word' id='word_1_206' title='bbox 539 3918 608 3984; x_wconf 91' lang='lat' dir='ltr'><strong>coll.</strong></span> <span class='ocrx_word' id='word_1_207' title='bbox 633 3916 736 3984; x_wconf 88' lang='lat' dir='ltr'><strong>Schol.</strong></span> <span class='ocrx_word' id='word_1_208' title='bbox 760 3915 847 3982; x_wconf 86' lang='lat' dir='ltr'><strong>Oriti.</strong></span> <span class='ocrx_word' id='word_1_209' title='bbox 876 3917 938 3979; x_wconf 92' lang='grc'><strong>111</strong></span> <span class='ocrx_word' id='word_1_210' title='bbox 963 3913 989 3980; x_wconf 85' lang='lat' dir='ltr'>G</span> <span class='ocrx_word' id='word_1_211' title='bbox 1012 3917 1059 3978; x_wconf 77' lang='lat' dir='ltr'><strong>cci</strong></span> <span class='ocrx_word' id='word_1_212' title='bbox 1084 3915 1124 3977; x_wconf 77' lang='lat' dir='ltr'><strong>rol</strong></span> <span class='ocrx_word' id='word_1_213' title='bbox 1145 3919 1207 3977; x_wconf 80' lang='grc' dir='ltr'><em>σῶιι</em></span> <span class='ocrx_word' id='word_1_214' title='bbox 1223 3923 1361 3990; x_wconf 68' lang='lat' dir='ltr'><strong>acroma·</strong></span> 
     </span>
     <span class='ocr_line' id='line_1_29' title="bbox 353 4029 1363 4120; baseline -0.014 -14"><span class='ocrx_word' id='word_1_215' title='bbox 353 4041 455 4118; x_wconf 74' lang='grc' dir='ltr'><strong><em>λιέβως</em></strong></span> <span class='ocrx_word' id='word_1_216' title='bbox 484 4038 578 4120; x_wconf 69' lang='grc' dir='ltr'><em>φασιν</em></span> <span class='ocrx_word' id='word_1_217' title='bbox 601 4037 747 4112; x_wconf 80' lang='grc' dir='ltr'><strong>Ἀττικοί,</strong></span> <span class='ocrx_word' id='word_1_218' title='bbox 778 4036 827 4100; x_wconf 74' lang='lat' dir='ltr'><strong>acl</strong></span> <span class='ocrx_word' id='word_1_219' title='bbox 859 4035 906 4100; x_wconf 81' lang='grc' dir='ltr'><strong>τὸν</strong></span> <span class='ocrx_word' id='word_1_220' title='bbox 930 4041 1000 4098; x_wconf 82' lang='grc' dir='ltr'><em>σῶον</em></span> <span class='ocrx_word' id='word_1_221' title='bbox 1023 4038 1096 4097; x_wconf 81' lang='grc' dir='ltr'><em>πῶν·</em></span> <span class='ocrx_word' id='word_1_222' title='bbox 1121 4033 1170 4096; x_wconf 76' lang='lat' dir='ltr'><strong>acl</strong></span> <span class='ocrx_word' id='word_1_223' title='bbox 1196 4034 1212 4107; x_wconf 72' lang='lat' dir='ltr'><strong>si</strong></span> <span class='ocrx_word' id='word_1_224' title='bbox 1237 4029 1299 4095; x_wconf 79' lang='grc' dir='ltr'><em>σώιι</em></span> <span class='ocrx_word' id='word_1_225' title='bbox 1322 4032 1363 4093; x_wconf 71' lang='lat' dir='ltr'><strong>cci</strong></span> 
     </span>
     <span class='ocr_line' id='line_1_30' title="bbox 355 4145 1364 4240; baseline -0.014 -16"><span class='ocrx_word' id='word_1_226' title='bbox 355 4159 424 4240; x_wconf 69' lang='grc' dir='ltr'><strong>παρ’</strong></span> <span class='ocrx_word' id='word_1_227' title='bbox 459 4161 566 4228; x_wconf 68' lang='lat' dir='ltr'><strong>circis.</strong></span> <span class='ocrx_word' id='word_1_228' title='bbox 623 4156 742 4220; x_wconf 86' lang='lat' dir='ltr'><strong>Verum</strong></span> <span class='ocrx_word' id='word_1_229' title='bbox 774 4175 838 4219; x_wconf 93' lang='lat' dir='ltr'><strong>non</strong></span> <span class='ocrx_word' id='word_1_230' title='bbox 869 4174 941 4218; x_wconf 91' lang='lat' dir='ltr'><strong>cum</strong></span> <span class='ocrx_word' id='word_1_231' title='bbox 975 4145 1039 4216; x_wconf 81' lang='lat' dir='ltr'><strong>ista</strong></span> <span class='ocrx_word' id='word_1_232' title='bbox 1073 4150 1181 4235; x_wconf 89' lang='lat' dir='ltr'><strong>glossa</strong></span> <span class='ocrx_word' id='word_1_233' title='bbox 1217 4146 1364 4214; x_wconf 86' lang='lat' dir='ltr'><strong>convenit</strong></span> 
     </span>
     <span class='ocr_line' id='line_1_31' title="bbox 356 4266 1363 4363; baseline -0.014 -17"><span class='ocrx_word' id='word_1_234' title='bbox 356 4279 504 4348; x_wconf 90' lang='lat' dir='ltr'><strong>Scholion</strong></span> <span class='ocrx_word' id='word_1_235' title='bbox 514 4317 529 4357; x_wconf 23' lang='grc' dir='ltr'><strong>,ι</strong></span> <span class='ocrx_word' id='word_1_236' title='bbox 540 4277 625 4363; x_wconf 90' lang='lat' dir='ltr'><strong>quod</strong></span> <span class='ocrx_word' id='word_1_237' title='bbox 645 4281 750 4342; x_wconf 88' lang='lat' dir='ltr'><strong>tamen</strong></span> <span class='ocrx_word' id='word_1_238' title='bbox 766 4271 913 4340; x_wconf 85' lang='lat' dir='ltr'><strong>Naberus</strong></span> <span class='ocrx_word' id='word_1_239' title='bbox 930 4271 1010 4338; x_wconf 89' lang='lat' dir='ltr'><strong>satis</strong></span> <span class='ocrx_word' id='word_1_240' title='bbox 1027 4275 1177 4336; x_wconf 87' lang='lat' dir='ltr'><strong>accurate</strong></span> <span class='ocrx_word' id='word_1_241' title='bbox 1194 4266 1363 4333; x_wconf 86' lang='lat' dir='ltr'><strong>convenire</strong></span> 
     </span>
    </p>
   </div>
   <div class='ocr_carea' id='block_1_4' title="bbox 0 0 1594 5076">
    <p class='ocr_par' dir='ltr' id='par_1_5' title="bbox 0 0 1594 5076">
     <span class='ocr_line' id='line_1_32' title="bbox 0 0 1594 5076; baseline 0 0"><span class='ocrx_word' id='word_1_242' title='bbox 0 0 1594 5076; x_wconf 95' lang='lat' dir='ltr'><strong> </strong></span> 
     </span>
    </p>
   </div>
  </div>
 </body>
</html>
