3154 5074
830 627 872 692 88

342 841 392 899 τοῦ
416 833 624 913 χρησμολόγον
646 835 800 912 ποιήμασι.
825 833 963 914 βραχίονι
987 833 1016 898 δὲ
1038 833 1088 898 καί
1109 839 1203 913 ψιλῶς
1222 833 1359 910 σνριαίνει

342 955 496 1032 ἀπόφασιν
517 954 677 1034 domnicata.

268 1131 273 1144 ,
389 1071 499 1137 Paullo
524 1073 681 1157 ampliora
704 1073 784 1138 haec
807 1078 895 1148 sunt,
920 1091 1016 1156 quam
1037 1089 1120 1154 quae
1138 1069 1270 1136 Photius
1290 1089 1356 1136 ser-

345 1191 429 1255 ravit
463 1210 481 1255 e
516 1190 647 1257 Boetho.
694 1191 788 1274 Apud
823 1189 1018 1274 Hesychium
1055 1189 1172 1254 similia
1199 1189 1358 1272 leguntur.

345 1307 532 1374 Callimachi
554 1307 769 1391 fragmentum
795 1309 887 1390 (323)
912 1309 1009 1373 etiam
1031 1307 1118 1391 apud
1135 1306 1270 1390 Hesych.
1288 1327 1357 1372 cor·

344 1435 473 1511 ruptum
496 1431 561 1492 est:
585 1422 606 1491 σί
630 1429 730 1491 σιίυσα
752 1427 935 1504 συυσίγειρας.
960 1425 1055 1511 Apud
1079 1426 1169 1491 Hom.
1194 1425 1307 1511 Odyss.
1325 1450 1357 1510 υ,

345 1545 427 1610 351:
452 1545 498 1609 'A
528 1545 631 1621 δειλοί,
667 1546 697 1609 τί
724 1545 813 1610 κακὸν
835 1545 900 1610 τόδε
924 1545 1081 1626 eclogam
1108 1544 1160 1625 (cf.
1185 1543 1297 1629 Odyss.
1321 1541 1357 1622 ξ,

346 1664 419 1728 361.
453 1663 489 1728 Il.
513 1673 555 1738 K,
580 1663 654 1728 816.
679 1674 709 1739 Ρ,
734 1664 822 1745 201).
846 1662 1029 1728 Archilochi
1046 1662 1162 1748 fragm.
1176 1663 1358 1729 conclama-

344 1787 411 1846 tum
435 1789 493 1847 est.
515 1782 552 1847 In
584 1781 695 1866 Odysa
718 1781 759 1858 β,
783 1781 848 1846 258
873 1782 995 1847 editur:
1011 1782 1035 1846 οί
1056 1784 1110 1857 μὲν
1130 1780 1174 1860 ἄρ’
1190 1783 1357 1847 ἐσκίδναντο

346 1899 381 1962 ἑίι
411 1899 478 1978 πρὸς
505 1901 612 1972 δώμαθ’
635 1896 767 1968 ἕκαστος.
802 1899 911 1983 Eurip.
936 1899 1018 1964 Med.
1044 1900 1118 1965 758.
1155 1899 1254 1983 Soph.
1279 1899 1357 1964 Oed

347 2016 413 2084 Col.
449 2019 540 2082 1106.
580 2019 626 2083 De
652 2018 749 2083 Euclo
772 2017 889 2102 Cyprio
912 2025 983 2084 vate
1007 2018 1047 2084 ci.
1072 2019 1208 2084 Pansan.
1231 2018 1357 2102 Perieg.

348 2135 430 2201 Hell.
463 2137 517 2214 10,
553 2138 605 2214 12,
639 2139 685 2202 ll.
712 2138 767 2215 14,
792 2139 820 2202 6.
859 2136 966 2203 Verba
988 2139 1020 2201 τί
1042 2163 1076 2202 τε
1100 2142 1128 2201 ἐν
1151 2138 1202 2216 ίοιρ
1226 2141 1265 2217 τῷ
1289 2139 1356 2212 ναί,

348 2258 397 2319 καί
421 2254 475 2318 είίε
499 2254 635 2320 delenda
658 2276 727 2320 esse
750 2256 906 2320 videntur.
1278 2331 1280 2336 ¹

394 2372 497 2438 Schol.
532 2373 627 2457 Hipp.
652 2373 726 2438 Min.
752 2373 865 2440 3680
896 2375 1080 2451 οτλεγγὶι
1112 2373 1281 2454 ἧξύσσρα,
1307 2375 1359 2438 καί

349 2490 587 2570 mamillanae
611 2491 635 2554 οί
659 2490 865 2568 ἀποξυόμενοι,
892 2489 921 2576 [δ’
940 2494 1001 2556 ἐστι
1026 2492 1222 2573 ατευιζίριενοι.
1246 2507 1362 2568 σσλερό

349 2611 398 2687 yla
421 2613 480 2689 γὰρ
503 2610 536 2674 τὸ
557 2609 683 2695 ariston}
706 2615 742 2682 ὡς
766 2613 977 2693 Ἀριστοφάνης
1004 2614 1097 2694 Γήρα·

395 2731 418 2794 εί
431 2730 588 2811 παιδαρίοις
601 2732 762 2796 ἀκολουθεῖν
775 2733 825 2810 δεῖ,
839 2739 970 2813 σφαῖραι
981 2733 1030 2796 καὶ
1045 2731 1202 2810 tatewit·
1215 2732 1337 2812 ἔχοντα.

351 2847 400 2912 καί
425 2855 641 2913 Δαιταλεῦσιν·

507 2968 562 3032 οὐδ’
585 2967 661 3032 ἔστιν
685 2971 782 3041 αὐτοῖς
806 2969 951 3046 στλεγγίς
975 2969 1037 3034 οὐδὲ
1060 2970 1177 3043 λήαυίος

352 3094 488 3152 καλεῖται
508 3087 537 3150 δὲ
552 3087 698 3164 σνλεγνίς
713 3087 763 3151 καί
779 3093 903 3168 χρυσοῦν
924 3089 1045 3164 ἔλασμα
1062 3090 1095 3152 τὸ
1115 3087 1177 3167 περὶ
1190 3099 1227 3169 τῇ
1239 3094 1363 3170 κεφαλῇ

353 3211 408 3270 τῶν
431 3210 581 3283 γυναικῶν.

400 3322 519 3387 Eadem
536 3321 635 3387 habet
643 3322 797 3414 Photide,
813 3324 924 3390 eadem
940 3344 1068 3407 quoque
1085 3323 1186 3390 Schol.
1201 3323 1363 3408 Aristoph.

356 3441 437 3524 qu.
461 3441 536 3520 577,
559 3442 612 3508 hic
629 3463 668 3507 ex
684 3442 785 3506 lexico
803 3443 923 3507 comico
940 3443 1084 3527 Didymi,
1100 3444 1153 3509 ille
1170 3463 1209 3507 ex
1223 3442 1364 3522 Boetho,

356 3568 392 3625 ut
414 3560 546 3625 videtur.
571 3560 610 3626 cf.
634 3560 749 3625 Nabar.
774 3560 856 3626 Prol.
881 3562 922 3625 ad
947 3561 1037 3626 Phot.
1062 3583 1112 3645 pg.
1137 3562 1181 3626 66
1206 3568 1238 3625 ct
1254 3562 1364 3626 adnot.

358 3678 400 3744 ad
423 3678 512 3743 Phot.
537 3679 570 3742 in
593 3701 618 3742 v.
644 3677 852 3744 schwartzius
876 3679 1015 3763 glossam
1030 3679 1114 3744 inter
1131 3679 1273 3763 Dionysii
1288 3679 1364 3743 reli-

358 3799 450 3881 quias
467 3797 581 3862 retulit.
599 3797 732 3862 Uncinis
748 3797 872 3861 inclusa
884 3796 986 3862 Schol.
999 3797 1138 3873 addidit3
1152 3797 1228 3862 alibi
1241 3798 1364 3862 desunt.

357 3914 434 3980 Loci
464 3915 587 3980 laudati
612 3923 686 3979 sunt
709 3915 748 3980 fr.
776 3915 837 3979 189
862 3921 894 3979 et
920 3917 960 3979 14
983 3915 1206 3999 Aristophanis
1229 3915 1364 3979 inDin·

359 4033 451 4099 dorfii
473 4033 561 4099 Poot.
585 4032 633 4099 Sc.
658 4032 710 4098 Gr.
735 4033 785 4098 ed.
808 4032 849 4099 5³.
873 4032 951 4098 Vide
977 4032 1078 4099 Sohol
1103 4031 1228 4098 Charm.
1256 4034 1315 4098 161
1337 4033 1366 4098 E

359 4173 458 4236 supra
481 4174 532 4236 pg.
556 4152 607 4216 32.

404 4269 507 4336 Schol.
539 4270 582 4334 lo.
614 4266 727 4334 5380
757 4271 959 4346 Πριίρινειος
989 4265 1076 4341 οἶνος
1109 4271 1169 4346 ἤτοι
1192 4269 1206 4332 o‘
1227 4269 1288 4333 art
1311 4279 1366 4346 τῆς
