3154 5074
833 619 876 688 ⁸8

344 831 409 897 tius
431 829 581 897 servavit:
612 835 769 912 φαῦλον·
801 828 835 894 πθ
857 830 987 895 ιὶπλοῦν·
1010 829 1060 895 καί
1084 831 1240 912 Εὐριπίδης
1263 833 1293 896 ἕν
1320 835 1361 914 τῷ

347 949 513 1030 Λικυμνίῳ·

480 1074 613 1152 φαῦλον,
637 1065 791 1149 ἄκομψον,
817 1067 858 1133 τίν
881 1067 1003 1146 μέγιστ)
1025 1067 1157 1148 οίγαθθν·
1239 1097 1241 1106 ’

346 1191 459 1256 ἁπλοῦν
488 1189 537 1253 καί
567 1187 704 1266 σθπθνηρον
734 1187 848 1264 λέγων·
880 1185 942 1252 ἔστι
975 1188 999 1252 δ’
1023 1184 1072 1254 θτε
1096 1189 1206 1253 τίθεται
1231 1188 1281 1252 καί
1306 1189 1356 1253 ἐπὶ

348 1315 439 1374 κακοῖν
463 1307 512 1373 καί
535 1312 586 1374 τοῦ
609 1307 768 1388 τυχόντος·
792 1306 919 1372 Πλοίτοιν
941 1307 970 1372 ἐν
989 1308 1031 1388 τῷ
1050 1307 1113 1387 περί
1135 1313 1258 1388 ψυχῆς·
1280 1313 1363 1389 Φαῦ-

349 1444 399 1492 λον
422 1431 570 1509 πρᾶγμα,
595 1427 671 1507 ἔφη,
696 1427 795 1506 Κέβης
818 1425 934 1507 ζητεῖς·
958 1426 1050 1498 τεθείη
1072 1427 1097 1490 θ’
1117 1426 1153 1492 θον
1173 1430 1222 1492 καί
1242 1427 1291 1492 ἐπὶ
1310 1432 1363 1492 τοῦ

349 1545 490 1627 τυχόντος
521 1539 575 1610 οίον
607 1550 723 1627 Φαῦλον
755 1551 886 1625 πρᾶγμα
917 1543 1001 1610 ἔσται
1032 1545 1066 1609 τθ
1098 1545 1190 1626 τυχὸν
1212 1549 1361 1625 πρᾶγμα·

351 1664 399 1730 καί
424 1663 470 1728 ε’πί
494 1668 545 1728 τοῦ
567 1664 669 1736 ἁπλῶς
692 1664 784 1738 τεθείη
809 1661 846 1729 ἂν
869 1663 937 1743 πρὸς
962 1660 1025 1752 [τῷ]
1045 1665 1076 1729 οὗ
1095 1665 1134 1742 τὸΙ
1149 1665 1256 1744 τυχθκ·
1276 1663 1365 1729 Πλοί-

350 1802 424 1847 τοοκ·
456 1785 587 1862 προῖγμα
618 1781 643 1846 θ’
675 1780 758 1847 ἔσται
789 1784 826 1852 θος
855 1781 942 1848 ἔοικεν
970 1784 1001 1846 οὐ
1034 1788 1150 1859 Φαῦλον
1173 1782 1234 1848 οὐδὲ
1256 1786 1364 1862 μικροῖς

351 1901 480 1980 δεόμενον
502 1902 624 1982 οίρετῆς·
649 1901 784 1966 τοίττοιτο
808 1901 832 1966 θ’
857 1898 893 1966 θον
916 1901 965 1965 καὶ
990 1902 1037 1964 ε’πί
1057 1906 1108 1966 τοῦ
1129 1902 1273 1982 μοχθηροῦ
1291 1898 1363 1966 θτοον

351 2017 628 2095 οίντιθιαστέλληπαι
663 2019 730 2100 πρὸς
767 2019 800 2083 τὸ
831 2019 1002 2094 σπουδαῖον,
1034 2021 1070 2092 ὥς
1098 2019 1245 2084 Πλοίτιον·
1269 2019 1363 2083 δοῦλοι

352 2140 412 2218 γθορ
441 2137 489 2202 καί
522 2137 661 2202 δεσπόται
691 2136 819 2202 οὐδέποτ’
842 2134 878 2202 θον
901 2138 1025 2214 γένοιντο
1048 2137 1129 2219 Φίλοι
1154 2137 1209 2203 οὐθ’
1233 2140 1262 2202 ἕν
1285 2134 1363 2209 ίσαις

352 2263 452 2334 τιμαῖς
475 2255 667 2333 θιαγευθμενοι
691 2262 801 2339 φαῦλοι
825 2255 874 2320 καί
898 2257 1064 2321 σπουδαῖοι·
1093 2257 1184 2332 τεθείη
1208 2256 1233 2320 δ’
1253 2255 1289 2322 θον
1310 2256 1361 2321 καί

280 2419 282 2424 -
354 2375 401 2441 ἐπὶ
425 2381 476 2440 τοῦ
499 2375 653 2451 μεγοίλου·
680 2380 835 2455 Σοφοκλῆς
859 2375 1100 2455 Αίχμαλοντίσιν·

486 2495 522 2560 ΕΞ
546 2495 642 2576 μικρὸς
666 2493 701 2558 θον
724 2495 764 2558 τοὶ
788 2499 898 2573 Φαῦλα
922 2495 1039 2568 νικήσας
1063 2493 1139 2573 ἔχω·

353 2611 404 2678 καὶ
435 2612 483 2677 ἐπί
513 2617 564 2677 τοῦ
594 2612 704 2695 ρ’μδίου·
740 2611 895 2683 Πολιτείας
919 2611 943 2674 δ’
952 2630 959 2647 ·
992 2611 1041 2675 καί
1065 2610 1181 2690 Φαῦλθν
1205 2633 1261 2687 γε,
1288 2611 1366 2693 ἔφη,

353 2729 420 2804 ίσως
440 2735 537 2803 αὐτοῖς
558 2729 772 2809 προστάξομεν·
793 2728 842 2794 καὶ
866 2729 967 2794 τοθτου
988 2730 1012 2793 θ’
1024 2730 1082 2809 ἐγὼ
1103 2729 1144 2796 ἔτι
1165 2729 1364 2810 φαυλότερον·

353 2851 498 2917 τθττεται
527 2851 576 2914 καί
602 2849 651 2915 ε’πί
675 2855 725 2915 τοῦ
749 2854 849 2929 μικροῦ
872 2847 922 2913 καί
945 2850 1218 2930 εὐκαταφρονήτου,
1241 2850 1278 2919 ὡς
1305 2859 1369 2923 Δη-

354 2969 508 3047 μοσθένης·
538 2970 587 3034 καί
610 2969 657 3034 ἐπὶ
680 2975 731 3034 τοῦ
753 2973 891 3032 ταπεινοῦ
914 2971 949 3038 ὡς
973 2972 1077 3038 Ἰσαῖος
1103 2971 1132 3032 ἕν
1157 2970 1198 3050 τῷ
1222 2970 1285 3049 περὶ
1310 2973 1368 3032 τῶν

279 3132 282 3144 ‹
355 3089 554 3172 οίποφοίσεων·
572 3090 621 3154 καὶ
638 3088 692 3154 ’ἐπὶ
716 3088 852 3162 πένητος·
877 3085 926 3151 καὶ
951 3086 998 3152 ε’πί
1022 3092 1072 3152 τοῦ
1097 3085 1215 3162 οὶθθξου·
1240 3086 1291 3151 καὶ
1316 3087 1368 3150 ε’πὶ

356 3214 407 3276 τοῦ
430 3208 562 3284 νίνοθτου.
593 3206 632 3274 cf.
655 3206 771 3273 Nabar.
794 3205 838 3272 ad
859 3205 943 3271 hanc
967 3205 1027 3290 gl.‚
1050 3203 1159 3272 Cobet
1183 3204 1298 3270 Mnem.
1322 3204 1372 3270 IX

358 3349 411 3414 pg.
440 3327 515 3393 432.
545 3326 624 3392 Loci
653 3325 777 3392 laudati
808 3331 884 3390 sunt
912 3325 1022 3409 Eurip.
1045 3324 1084 3390 fr.
1108 3324 1192 3404 476,
1217 3323 1372 3407 Sophocl.

358 3445 397 3512 fr.
428 3447 470 3512 39
501 3445 576 3530 ibiq.
607 3443 750 3511 Dindorf.
782 3444 862 3510 Plat.
891 3443 1010 3510 PhaotL
1041 3442 1084 3509 95
1113 3444 1157 3526 E,
1181 3441 1277 3528 Legg.
1300 3441 1371 3508 XI:

360 3565 425 3630 918
452 3564 494 3650 0,
516 3563 579 3630 VI:
604 3565 668 3630 756
692 3564 736 3643 E,
759 3563 839 3648 Rep.
864 3562 929 3629 IV:
953 3563 1019 3628 423
1042 3562 1075 3630 0.

404 3681 481 3750 ibid.
504 3681 552 3749 V=
575 3681 692 3748 475ss
722 3683 831 3748 παιθινν
861 3683 1034 3761 αίνίγματι·
1066 3681 1221 3762 Κλεοίρχου
1243 3681 1372 3763 γρίΦος·

511 3798 586 3875 αίνθς
610 3806 654 3874 τίς
676 3804 753 3867 ἐστιν
775 3804 811 3874 ὡς
833 3802 904 3882 οίυνίρ
927 3825 961 3866 τε
983 3803 1051 3866 κούκ
1073 3802 1141 3881 οὶυθρ

511 3920 601 4002 θρνιθοι
623 3922 692 3985 κούκ
714 3917 791 4000 ὄρνιθ’
814 3920 876 3984 ίθθιν
898 3945 933 3984 τε
956 3923 1024 3986 κούκ
1047 3919 1126 4000 ἰδών,

512 4039 559 4106 ἐπὶ
581 4037 670 4116 ξθλου
692 4064 726 4103 τε
748 4040 797 4104 κού
822 4036 909 4114 ξύλου
932 4038 1092 4114 καθημένην

512 4158 580 4238 λίθῳ
601 4183 636 4223 τε
657 4157 707 4222 κοῦ
729 4159 797 4238 λίθιρ
818 4155 908 4234 βοθλοι
931 4182 965 4221 τε
988 4158 1037 4224 κού
1060 4155 1159 4234 βαλοι.

360 4279 500 4353 Ἄλλως·
