3150 5080
865 628 908 692 32

377 845 486 904 temen
515 838 587 904 loco
619 837 661 922 (V
673 865 681 902 ι
706 838 740 922 9)
773 838 899 903 omisso
944 837 1072 916 Deiis,
1096 837 1236 921 quaein
1262 835 1397 901 Scholio

377 957 500 1022 uncinis
523 956 656 1035 inclusi,
679 955 766 1020 iufra
791 955 918 1020 dicendi
940 955 1031 1040 locus
1056 955 1125 1021 orit.

423 1073 527 1141 Schol.
550 1074 710 1142 Charmid.
730 1074 833 1140 lsslE
852 1075 1081 1151 στλεγγίδα·
1104 1073 1253 1152 στλεγγίς
1267 1071 1395 1149 ξιίστρα·

377 1194 410 1259 τί
433 1194 530 1257 τάλαι
558 1193 587 1258 δὲ
610 1195 627 1267 ἡ
652 1198 703 1259 τοῦ
726 1193 865 1269 καλάμου
889 1191 963 1271 κίμη
990 1195 1073 1271 παρά
1097 1193 1252 1266 Λάκωσιν,
1278 1188 1296 1273 ᾖ
1318 1192 1397 1255 άτε-

376 1313 533 1390 μάσσοντο.
568 1313 807 1390 στλεγγίσμοιτα
843 1312 872 1376 δὲ
906 1313 947 1377 τά
983 1310 1203 1393 τεριξύσματα.
1235 1311 1335 1390 κυρίως
1367 1311 1396 1374 δὲ

377 1430 541 1507 καλάμιναι
576 1429 706 1510 ξάστραι.
742 1431 755 1494 ὃ
787 1431 816 1494 δὲ
847 1430 1036 1508 Θυατειρηνὸς
1066 1431 1236 1507 στλεγγίδα
1265 1431 1318 1507 μὲν
1343 1431 1396 1502 την

377 1549 522 1630 ξυστραν.
547 1551 723 1628 στλαγγιδιν
748 1550 776 1614 δὲ
800 1551 834 1614 τὸ
858 1555 984 1630 χρυσοῦν
1007 1550 1174 1632 στεφάνων.

424 1667 573 1734 Glossem
596 1689 614 1734 e
638 1667 836 1752 Diogenisno
856 1668 1035 1734 desumtam
1052 1689 1122 1734 esse
1138 1673 1232 1752 putet
1247 1666 1390 1732 Schmid-

376 1788 440 1854 tius
464 1786 593 1865 Quaest.
617 1786 690 1853 Hes.
713 1809 764 1872 pg.
787 1805 889 1863 xcm,
913 1807 1008 1871 quem
1032 1807 1159 1871 sequor.
1182 1785 1328 1852 Naberus
1352 1785 1394 1852 ad

377 1905 468 1971 Phot.
493 1928 518 1971 v.
541 1906 687 1983 στλεγγίς
710 1905 750 1970 de
774 1905 883 1989 glossa
904 1905 1071 1971 Platonica
1094 1906 1235 1988 cogitare
1251 1905 1391 1978 videtur,

377 2025 488 2107 itaque
511 2044 528 2089 e
551 2023 666 2089 Boethi
689 2023 797 2089 libello
820 2022 960 2090 fluxisse.
987 2025 1166 2109 Hesychius
1190 2022 1269 2088 nihil
1293 2022 1393 2087 hehet
1493 2079 1498 2083 .

378 2143 440 2208 nisi
462 2143 663 2221 στλεγγίς·
687 2142 808 2224 ξύστρα.
833 2146 1093 2222 στλέγγισμα·
1121 2143 1217 2208 ocni
1240 2149 1294 2206 τῶν
1318 2144 1393 2206 άτο-

378 2263 536 2340 ξυσμάτων
568 2262 676 2339 γλοιόο.
707 2268 740 2328 et
767 2263 897 2336 τλανίς
933 2262 1101 2347 (Schmidt.
1139 2257 1325 2342 στλαγγίςί·
1359 2261 1393 2325 τὸ

377 2391 430 2457 τῆς
458 2383 580 2462 ’νύμφης
615 2387 738 2461 χρυσοῦν
765 2381 903 2456 διάδημα.
949 2381 1010 2459 Qui
1039 2382 1073 2446 in
1104 2381 1232 2446 Scholio
1264 2383 1277 2445 ί
1311 2392 1392 2446 Θυα-

378 2503 501 2582 τειρηνός
526 2501 643 2566 dicitur
665 2499 827 2565 Nicander
850 2506 907 2566 esc

423 2618 525 2686 Schol.
549 2617 628 2703 Rep.
651 2616 748 2684 VIII:
772 2616 837 2682 553
858 2616 883 2684 (ί
903 2616 1115 2697 στρεπτούς·
1137 2615 1237 2697 ὅρμους
1256 2617 1320 2698 περί
1337 2617 1388 2681 τὸν

377 2739 526 2819 τράχηλον
557 2737 574 2813 ίρ
604 2737 660 2808 τάς
690 2743 810 2817 χεῖρας,
841 2731 887 2808 οὓς
917 2738 966 2801 καί
989 2737 1153 2816 στεφάνους
1177 2741 1280 2819 χειρῶν
1304 2736 1387 2812 λέγει

373 2857 438 2922 Ἴων
461 2859 489 2921 ἕν
513 2861 650 2937 Φρουροῖς.

423 2973 612 3060 Hesychius:
633 2973 805 3054 στρεπτοί
814 2995 821 3010 ·
841 2969 930 3052 ὅρμοι.
954 2974 994 3037 τά
1014 2973 1076 3054 περὶ
1094 2972 1149 3046 τάς
1166 2979 1270 3052 χεῖρας
1286 2974 1389 3052 ψέλια.

467 3092 542 3159 ibid.
633 3093 698 3158 566
724 3090 752 3155 E
778 3093 901 3168 μέλλει·
927 3091 1027 3165 ἔοικεν,
1052 3093 1209 3174 φαίνεται,
1235 3091 1313 3155 δοκεῖ
1320 3142 1329 3165 ,
1353 3092 1390 3162 ὡς

377 3219 435 3279 νῦν.
459 3211 542 3291 ταρά
565 3211 595 3274 δὲ
611 3185 769 3287 ’Σοφοκλεῖ
788 3211 817 3275 ἐν
839 3211 976 3290 Τρωίλῳ,
1001 3210 1090 3287 μένει.

421 3328 663 3414 Lexicogrepho
693 3328 818 3394 librarii
850 3349 940 3394 error
970 3338 1103 3394 MENEI
1135 3349 1195 3412 pro
1227 3338 1391 3395 ΜΕΛΛΕΙ

377 3450 464 3533 apud
481 3448 670 3532 Sophoclem
686 3448 875 3531 imposuisse
890 3448 1024 3514 videtur.
1054 3447 1247 3533 Hesychius:
1266 3448 1389 3525 μέλλει·

377 3569 532 3650 φαίνεται,
558 3566 646 3644 ἔοικε,
671 3567 755 3633 δοκεῖ.
780 3567 797 3643 ἢ
821 3568 909 3644 μένει.

423 3686 526 3754 Schol.
547 3685 676 3772 Alcyon.
702 3687 766 3751 110
787 3686 985 3766 άνέΦικτα·
1004 3686 1138 3751 άδιίνατοι
1150 3688 1388 3766 καταληφθῆναι.

420 3806 619 3873 Postremum
650 3803 841 3871 vocabulum
870 3805 1010 3871 addatur
1033 3806 1120 3890 apud
1144 3805 1280 3889 Hesych.
1303 3806 1338 3870 iu
1360 3826 1388 3870 v.

422 3923 525 3990 Schol.
557 3925 653 3989 Erux.
683 3924 750 3988 400
777 3922 804 3986 E
831 3924 1033 4001 Ἐρατοσθένης
1056 3922 1201 4003 σίσυράν
1225 3931 1298 4005 Φησι
1323 3924 1390 3988 στέ-

376 4067 503 4123 γαστρον
534 4042 567 4118 ἐξ
593 4041 711 4117 αίγείων
733 4040 882 4120 δερμάτων
905 4042 1139 4122 τετρυχωμένων,
1165 4043 1337 4121 σίσυρνοιν
1360 4042 1390 4106 δὲ

376 4162 409 4229 τὸ
432 4164 465 4227 ἐκ
488 4168 543 4226 τῶν
566 4161 670 4225 κωδίων
690 4159 867 4239 ῥαττίμενον
888 4162 1078 4240 άμντεχίνιον,
1097 4160 1388 4247 [ίγοιίννανφιισίν]

421 4280 545 4347 collato
577 4278 737 4365 Hesychio
769 4300 792 4344 s.
816 4301 862 4344 vv.
893 4279 997 4360 σισύρα
1024 4286 1057 4345 ei
1078 4282 1206 4360 σίσυρνον
1230 4281 1318 4346 haud
1341 4286 1389 4346 te·

1564 1145 1566 1202 i
