3150 5080
376 1635 434 1703 DE
473 1631 703 1703 UNIVERSA
743 1630 1038 1703 SCHOLIORUM

617 1795 795 1866 INDOLE.

634 2079 782 2090 ----

248 2306 376 2372 Scholia
398 2307 431 2370 in
453 2305 635 2382 Platonem,
661 2326 744 2390 quae
772 2305 867 2370 hodie
895 2302 1161 2370 circumferuntur
1175 2303 1215 2388 ¹),

203 2425 244 2490 ab
281 2424 465 2490 auctoribus
504 2424 570 2490 suis
610 2444 649 2490 ex
683 2425 778 2490 uariis
818 2423 960 2488 lontibus
996 2424 1098 2507 petita
1132 2427 1216 2487 sunt.

202 2544 349 2628 Namque
384 2544 448 2609 alia
484 2543 640 2608 debentur
673 2542 934 2626 philosophorum
965 2542 1216 2620 commentariis,

203 2663 269 2728 alia
302 2684 341 2728 ex
374 2662 483 2727 lexicis
518 2662 798 2746 grammaticorum
832 2661 993 2744 descripta
1025 2667 1118 2737 sunt,
1150 2659 1216 2724 alia

202 2780 332 2846 aliunde
367 2800 504 2845 corrasa.
551 2777 599 2844 De
633 2777 728 2844 tertio
764 2777 825 2844 hoc
859 2799 976 2862 genere
1013 2776 1213 2843 Scholiorum

204 2904 300 2982 atque
331 2898 370 2963 de
400 2899 503 2981 primo
534 2897 647 2981 paucis
680 2897 862 2982 absolvam,
893 2897 933 2962 de
957 2897 1116 2975 secundo,
1146 2897 1166 2960 i.
1190 2916 1216 2960 e.

237 3210 266 3276 l)
288 3212 393 3262 Primus
417 3212 521 3263 Scholia
543 3213 571 3261 in
594 3211 732 3262 Platonem
749 3213 865 3278 vulgavit
882 3212 904 3262 J.
922 3211 951 3262 P.
970 3211 1171 3263 Siebenheesius
1189 3214 1217 3262 in

206 3306 303 3357 Anecd.
320 3306 364 3358 Gr.
385 3307 505 3358 Norimb.
522 3306 596 3358 1798.
632 3307 715 3357 Multo
732 3308 836 3372 plenius
854 3307 959 3373 collegit
975 3307 1005 3357 D.
1024 3306 1218 3371 Ruhnkenius,

206 3401 281 3452 cuius
312 3403 391 3452 editio
422 3403 518 3466 prodiit
548 3402 575 3452 L.
602 3402 632 3452 B.
657 3401 739 3466 18003
766 3403 944 3453 Ruhnkenius
962 3402 1067 3453 Scholia
1084 3403 1218 3453 illustrare

206 3497 234 3546 in
259 3497 348 3547 animo
374 3497 467 3548 hahuit
493 3502 519 3547 et
541 3512 625 3561 pauca
648 3498 777 3562 quaedam
800 3498 952 3547 illustravit.
989 3497 1051 3548 Vide
1068 3499 1130 3548 edit.
1148 3499 1217 3548 laud.

173 3627 175 3632 .
206 3592 321 3658 pg.·255.
339 3591 531 3658 Wyttenbach,
550 3592 610 3643 Vita
628 3592 658 3642 D.
677 3593 832 3642 Ruhnkenii
850 3593 878 3642 in
894 3591 990 3657 Opusc.
1002 3609 1056 3643 var.
1068 3609 1122 3659 arg.
1134 3593 1217 3645 tom.l

207 3702 248 3753 pg.
265 3687 320 3738 699.
354 3686 426 3738 Nova
444 3689 554 3752 protulit
571 3687 663 3738 Thom.
680 3687 842 3739 Gaisfordius
860 3689 888 3738 in
906 3688 1028 3755 Catalogo
1046 3689 1101 3739 sive
1118 3688 1219 3739 Notitia

147 3831 149 3838 ,
207 3782 446 3847 Manuscriptorum
469 3783 582 3847 Clarkii,
603 3782 686 3833 0x0n.
703 3782 770 3834 1812
787 3783 859 3834 etin
877 3784 957 3834 libro:
976 3784 1113 3834 Lectiones
1130 3783 1219 3833 Plato-

207 3879 283 3928 nicae
304 3893 318 3926 e
335 3878 482 3928 membran.
499 3877 570 3928 Bodl.
588 3876 672 3928 0xon.
689 3877 762 3929 1820.
787 3878 857 3928 Haec
874 3879 963 3929 omnia
979 3879 1107 3945 leguntur
1122 3879 1219 3928 litteris

209 3973 239 4037 S,
255 3974 278 4023 R
293 3978 319 4023 et
334 3971 356 4022 0
375 3971 469 4037 (Oxou.
487 3989 521 4021 =
538 3972 629 4038 Gaist.)
642 3974 766 4023 distincta
779 3974 807 4023 in
821 3973 987 4024 Scholiorum
999 3975 1126 4038 editione,
1140 3989 1220 4038 quam

208 4070 310 4119 curavit
336 4068 364 4118 C.
391 4069 418 4118 F.
447 4068 581 4118 Hermann
607 4070 635 4118 in
662 4069 811 4133 Appendice
837 4070 987 4134 Platonica,
1016 4069 1119 4133 Lipsiae
1146 4069 1218 4121 1875.

209 4163 324 4229 Scholia,
351 4178 419 4228 quae
444 4162 593 4228 Betthorus,
621 4163 777 4228 Creuaerus,
802 4163 991 4228 Schneiderus,
1017 4163 1219 4223 Stallbaumius,

210 4259 353 4310 Sohanzius
377 4260 556 4325 protulerunt,
578 4265 624 4310 aut
641 4261 747 4311 aliunde
764 4261 818 4310 iam
835 4265 898 4310 nota
915 4265 993 4310 erant
1009 4265 1056 4309 aut
1073 4260 1146 4324 parvi
1163 4275 1220 4310 mo·

210 4357 293 4406 menti
310 4360 382 4408 sunt.

1108 4451 1122 4502 l
