3154 5074
846 637 890 702 70

360 845 436 910 οὐδὲν
454 869 492 924 γε
511 845 631 922 ἀποπον,
652 845 736 910 ἀλλά
748 845 823 910 πολὺ
835 845 1082 926 θαυμαστότερον,
1097 849 1122 912 εί
1134 849 1176 924 μὴ
1188 854 1312 920 τοιοῦτος
1325 845 1367 928 ἦν,

360 985 453 1049 quam
476 963 596 1029 fontem
619 964 732 1030 Boethi
754 962 896 1029 libellum
915 963 1014 1030 fuisse
1030 966 1184 1049 suspicor.
1219 965 1365 1033 Platonis

359 1084 447 1149 locus
472 1089 522 1149 est
544 1083 673 1148 Thaaal
699 1083 761 1146 142
785 1082 819 1147 B.
845 1081 883 1147 cf.
907 1081 983 1148 cria
1007 1083 1368 1161 4413,A101b.1:106

361 1202 397 1282 Α,
420 1211 453 1268 ct
476 1201 553 1285 ch.
569 1201 631 1266 Ill:
652 1200 719 1266 405
736 1201 773 1284 D,
796 1200 851 1266 ubi
868 1199 1046 1267 Scholiasta
1063 1202 1249 1287 adscripsit:
1266 1204 1368 1269 ἀτοπα

360 1326 417 1396 νῦν,
435 1317 456 1383 ἀ
475 1320 517 1392 μη
536 1319 597 1383 ἔστι
616 1317 761 1394 τοποθσαι,
782 1315 799 1382 ὑ
816 1318 892 1383 ἐστιν
914 1319 1082 1402 ὑπονοῆσαι,
1107 1322 1241 1397 σημαίνει
1265 1323 1294 1386 δὲ
1318 1323 1368 1388 καί

360 1437 447 1502 κακὸν
478 1438 527 1501 καί
555 1433 664 1513 ἀλογον
695 1437 741 1500 aa}
774 1435 951 1512 θαυμοθσιον,
984 1457 1069 1521 quae
1100 1439 1226 1522 plenius
1259 1431 1370 1525 legan-

362 1564 415 1622 tur
445 1557 478 1621 in
511 1561 601 1620 scxlc
632 1556 692 1620 lsx.
722 1553 821 1619 Bckk.
854 1554 937 1633 460,
971 1555 1012 1621 8:
1043 1555 1190 1636 ἀτρπον·
1221 1558 1286 1622 ἀντὶ
1317 1565 1368 1625 τοῦ

361 1674 486 1752 ἀλογον,
521 1673 699 1751 ίοιυμοίσιον,
732 1671 906 1753 παράδοξον,
937 1671 1030 1752 ξένον,
1067 1677 1173 1754 κακόν,
1208 1677 1351 1758 μοχθηρόν
1358 1727 1368 1756 ,

362 1793 410 1859 καί
441 1791 454 1858 ὑ
485 1795 527 1870 μη
556 1793 620 1873 ἔχει
647 1793 742 1857 τόπον.
765 1793 814 1856 καί
837 1789 871 1856 τὺ
894 1793 1098 1872 ἀνυπονόητον,
1122 1789 1175 1859 οἷον
1198 1793 1212 1860 δ
1236 1798 1279 1874 μη
1304 1796 1369 1862 ἔστι

362 1913 500 1980 τοπάσαι.
524 1911 573 1977 καὶ
596 1911 712 1983 ἀτόπως
734 1909 767 1975 τὺ
789 1912 932 1986 ἀσυνήθους
955 1912 1003 1976 καί
1027 1913 1218 2006 ἀνεπιφοίποις

528 2030 643 2103 ἀτόπως
666 2028 785 2110 καθίζων
807 2029 887 2095 ιιοὺδὲ
910 2031 1081 2107 γιγνώσκειν
1103 2033 1187 2097 δοκῶν

363 2150 436 2232 φησί
459 2149 646 2230 Φερεκροίτης.
681 2148 774 2213 Hunc
797 2169 920 2214 versum
940 2150 1110 2216 memoriae
1126 2172 1233 2216 errore
1249 2150 1368 2218 Phere-

365 2270 447 2338 crati
481 2269 621 2334 tribucre
656 2265 909 2332 Grammaticus]
943 2257 1036 2351 putat
1071 2269 1247 2335 Meinekius
1283 2269 1370 2337 Gom.

331 2435 335 2447 ,
365 2388 407 2452 Il.
430 2387 514 2465 500,
542 2387 598 2470 qui
621 2383 757 2470 Bergkio
781 2391 911 2452 auctora
934 2387 967 2450 ic
990 2388 1195 2470 praecedenti
1217 2391 1371 2456 versiculo

366 2505 478 2571 scribit
506 2504 611 2581 ἔμαθον
641 2523 701 2588 pro
730 2500 831 2579 ἀγάθ’.
866 2503 904 2567 In
927 2505 1103 2588 posteriorc
1126 2504 1252 2572 Scholic
1276 2507 1374 2574 verba

365 2622 382 2690 δ’
403 2625 479 2688 ἐστιν
503 2623 655 2697 ὑπονοῆσαι
679 2641 720 2686 cx
742 2619 900 2706 Hesychio
923 2620 1048 2688 intrusa
1072 2631 1155 2690 sunt.

409 2741 485 2808 ibid.
516 2739 606 2806 720
637 2741 719 2817 ὑμοὺ
743 2739 882 2805 πάντα·
919 2741 989 2818 θμοὺ
1012 2737 1146 2817 σημὺιίνει
1170 2744 1240 2808 ποτὲ
1262 2747 1317 2821 μὲν
1339 2745 1374 2811 τὸ

367 2861 479 2939 ε’γγὺς,
492 2863 538 2952 ,ιδς
562 2861 644 2935 δηλοῖ
664 2845 845 2933 Δημοσθένης
861 2859 890 2922 ἐν
905 2861 945 2934 τιῖι
961 2867 1013 2934 τῆς
1030 2863 1290 2942 παραπρεσβείας·
1309 2863 1373 2929 καί·

367 3006 408 3046 τοι
440 2982 487 3044 τὸν
519 2979 571 3058 μὲν
599 2977 752 3059 ἀνδριοίντα
775 2983 875 3043 τοῦτον
898 2978 976 3042 οὔπω
1001 2983 1180 3056 πεντήκοντα
1202 2982 1252 3057 ἔτη
1278 2983 1375 3066 φασίν

368 3099 534 3164 ἀνακεῖσθαι
568 3096 760 3175 Σαλαμίνιοι,
792 3096 851 3160 ἀπὸ
876 3094 1004 3170 Σίλωνος
1028 3097 1053 3161 δ’
1076 3099 1153 3164 ἐστίν
1176 3101 1247 3175 ὑμοὺ
1269 3101 1298 3165 τ’
1325 3101 1374 3177 ἔπη

369 3219 417 3281 καί
442 3216 486 3294 μ’.
509 3215 560 3280 καί
583 3219 612 3280 ἕν
634 3217 674 3294 τῷ
697 3216 777 3280 κατδι
801 3217 1058 3294 Ἀριστογείτονος·
1081 3217 1150 3282 είσίν
1175 3219 1245 3297 ὑμοὺ
1265 3218 1375 3290 πάντες

369 3332 502 3414 δισμύριοι
532 3333 684 3406 Ἀθηναῖοι.
715 3331 763 3396 καί
789 3331 950 3414 Μένανδρος
974 3336 1003 3398 ἕν
1026 3337 1067 3412 τῷ
1090 3337 1211 3401 Ἑαυτὸν
1234 3361 1375 3415 τιμωρου·

370 3455 461 3534 μίαν·
559 3503 562 3508 ·

537 3569 605 3650 πρὸς
629 3577 680 3643 τῆς
704 3571 847 3646 Ἀθηνάς,
872 3568 1010 3653 δαιμονᾷς
1034 3573 1160 3648 γεγονὼς
1183 3573 1233 3648 ἔτη

534 3687 650 3753 τοσαῦθ’
660 3713 667 3771 3
693 3689 762 3765 0μοὺ
786 3687 844 3768 γοίρ
867 3690 943 3752 ἐστιν
969 3688 1107 3766 ἓξιίκοντά
1130 3715 1181 3757 coc

371 3811 420 3874 καί
451 3805 662 3888 Ἀριστοφάνης
692 3806 878 3889 Τριφάλητι·
913 3812 929 3884 ἡ
953 3810 1012 3889 γάιρ
1036 3809 1084 3873 τὸν
1107 3809 1291 3890 ΤριΦοίληπα
1315 3815 1380 3880 τίιι-

371 3952 463 4010 τουσοι
486 3926 560 4008 φησὶ

538 4043 682 4122 λάβεσθε·
705 4043 754 4107 καί
777 4042 835 4122 γάρ
859 4047 915 4108 ἐσθ’
939 4047 1019 4122 ὑμοὺ.

372 4167 455 4239 δηλοῖ
474 4163 503 4228 δὲ
525 4162 574 4227 καί
598 4165 630 4227 τὺ
653 4167 681 4227 ἐν
704 4165 815 4243 ταύτῷ·
837 4160 982 4244 Ὅμηρος·

468 4281 540 4347 ἀλλ’
562 4282 632 4358 ὑμοὺ
653 4284 690 4354 ὑς
713 4281 880 4364 ε’τράφημεν
903 4285 952 4363 ἐφ’
976 4283 1133 4366 ὑμετέροισι
1159 4285 1279 4362 δόμοισι.
