3154 5074
852 654 894 721 68

369 886 506 932 oausam.
529 865 579 932 nx
601 864 760 950 Pamphili
784 866 869 933 enim
891 866 1043 932 thesauro
1064 864 1234 931 Suetonius
1250 884 1376 948 quoque

368 985 572 1069 Tranquillus
610 986 717 1051 hausit
754 985 788 1049 in
822 985 1048 1070 componendis
1084 983 1209 1050 duobus
1243 981 1377 1067 libellis,

369 1104 469 1170 altero
500 1105 563 1186 περὶ
593 1105 814 1186 βλασφημιῶν,
847 1106 947 1172 altero
978 1106 1041 1186 περὶ
1073 1111 1128 1170 τῶν
1160 1104 1231 1185 παρ’
1250 1101 1377 1178 Ἕλλησι

368 1224 485 1288 παιδιῶν
514 1225 677 1310 inscripto.
723 1225 774 1290 Ex
805 1232 940 1309 utroque
971 1225 1081 1290 libello
1108 1224 1186 1290 satis
1208 1224 1301 1308 larga
1323 1216 1378 1288 ex'-

369 1348 479 1426 cerpta
517 1351 686 1428 supersunt
724 1346 810 1430 apud
845 1343 1049 1412 Eustathium
1084 1345 1119 1410 in
1153 1343 1377 1425 Πνρεκβολαῑς,

369 1481 451 1543 quae
475 1461 517 1526 ad
541 1462 669 1528 verbum
693 1463 759 1529 lere
783 1484 855 1528 cum
876 1463 1004 1529 scholiis
1029 1464 1070 1528 ad
1095 1461 1226 1528 Theaet.
1253 1461 1316 1526 146
1332 1460 1378 1536 Α,

369 1577 475 1663 nyso.
498 1581 563 1646 noo
587 1579 627 1656 a,
650 1580 745 1667 Gorg,
768 1583 831 1648 497
850 1582 894 1660 A,
917 1582 1013 1666 regg.
1036 1581 1115 1648 vn:
1140 1581 1205 1647 sao
1220 1579 1245 1647 o
1263 1565 1377 1645 conve-

369 1696 468 1764 niunt.
499 1699 567 1764 lam
584 1702 757 1785 quaeritur,
779 1703 864 1768 unde
888 1701 949 1767 hae
974 1703 1100 1785 glossae
1124 1699 1290 1777 fluxerint3
1314 1699 1379 1764 dis-

370 1817 510 1882 sentiunt
537 1819 594 1884 viri
621 1821 723 1898 docti;
750 1827 847 1905 atque
879 1821 951 1905 ipsa
981 1819 1062 1886 haec
1096 1818 1251 1885 dissensio
1282 1817 1376 1897 fecit,

369 1939 406 1999 ut
434 1936 518 2001 inter
547 1958 602 2003 eas
630 1937 752 2022 glossas
783 1937 903 2004 referre
935 1959 1032 2005 ausus
1061 1939 1136 2021 sim,
1161 1958 1243 2022 quae
1267 1937 1376 2002 verisi-

369 2052 487 2118 militer
521 2076 538 2119 e
572 2056 688 2121 Boethi
720 2055 831 2122 lexicis
866 2057 987 2141 petitae
1022 2060 1113 2134 sunt;
1151 2075 1259 2120 verum
1299 2053 1378 2118 nihil

369 2171 494 2238 affirmo
525 2178 557 2238 et
583 2173 735 2239 iudicium
765 2195 863 2258 penes
895 2195 1053 2258 quemque
1086 2173 1146 2251 sit3
1170 2193 1272 2256 neque
1297 2171 1376 2236 adeo

369 2289 501 2354 multum
534 2289 632 2356 refert
662 2291 760 2371 scire,
790 2313 849 2375 per
876 2313 956 2376 quos
980 2293 1096 2358 rivulos
1119 2292 1228 2376 glossa
1252 2291 1293 2355 ad
1316 2309 1374 2354 nos

371 2409 568 2492 pervenerit,
592 2431 663 2475 cum
686 2410 727 2475 de
750 2411 903 2494 primario
918 2409 1024 2490 fonte,
1041 2409 1227 2494 Pamphilo,
1244 2407 1374 2473 dubium

372 2547 444 2591 esse
466 2547 531 2592 non
553 2529 664 2611 possit

417 2644 559 2711 Vidimus
587 2667 685 2730 supra
707 2646 863 2713 Boethum
887 2647 950 2712 duo
974 2646 1077 2713 lexica
1100 2645 1266 2711 Platonica
1289 2665 1375 2709 oom-

371 2765 523 2848 posuissa.
546 2765 630 2830 Fieri
654 2789 716 2832 nou
738 2773 864 2850 potest,
879 2773 915 2832 ut
930 2773 1108 2832 statuamus
1125 2787 1165 2831 ex
1182 2769 1254 2830 utro
1270 2763 1377 2829 libello

372 2902 517 2966 quaeque
539 2884 647 2968 glossa
670 2885 817 2949 desumta
841 2886 890 2950 sit.
921 2885 960 2950 cf.
983 2884 1103 2950 Naber.
1119 2881 1242 2967 Proleg.
1258 2904 1309 2967 pg.
1325 2881 1377 2947 55.

371 3002 548 3086 Utrumque
578 3003 721 3069 libellam
753 3002 938 3070 adhibuisse
968 3004 1117 3070 Photium
1148 3001 1376 3067 demonstravit

371 3119 517 3185 Nabaros
533 3128 644 3206 patere
656 3142 674 3186 e
684 3122 797 3205 glossis
810 3121 989 3206 duplicibus
1003 3147 1012 3206 ς
1028 3121 1238 3187 Scholiastam
1252 3141 1377 3204 quoque

371 3246 505 3322 utroque
529 3240 635 3306 libello
658 3261 751 3305 usum
769 3261 839 3306 esse
861 3261 919 3325 per
935 3261 969 3306 se
985 3239 1113 3324 quidem
1131 3239 1298 3305 verisimile
1314 3245 1375 3322 est,

371 3357 498 3423 minime
529 3365 636 3424 autem
667 3356 833 3423 conficitur
860 3359 919 3436 iis,
942 3379 1026 3443 quae
1050 3357 1157 3424 attulit
1181 3357 1376 3423 Mettaaerus

371 3498 422 3560 pg.
450 3476 511 3556 91,
543 3497 645 3560 neque
668 3476 796 3542 omnino
820 3477 1035 3542 demonstrari
1058 3480 1173 3560 potest
1212 3475 1377 3540 Mittamus

371 3593 468 3678 igitur
490 3595 529 3659 de
552 3616 591 3660 ea
614 3616 648 3660 re
671 3615 832 3679 quaerere.
863 3594 929 3660 Our
952 3601 1061 3660 autem
1083 3590 1269 3678 proverbia,
1294 3613 1376 3676 quae

371 3734 390 3778 e
412 3712 526 3778 Boethi
548 3713 665 3778 libellis
686 3719 739 3778 sat
753 3734 868 3796 magno
891 3734 1022 3778 numero
1044 3713 1078 3778 in
1102 3710 1231 3777 Scholia
1246 3709 1376 3776 fluxisse

372 3831 528 3911 ridentur,
546 3831 720 3912 omiserim,
736 3850 835 3915 supra
850 3853 900 3915 pg.
917 3831 939 3894 4
955 3828 1138 3914 significavi.
1161 3829 1275 3912 Itaque
1291 3849 1375 3894 nuno

372 3957 496 4016 ceteras
519 3950 660 4034 glossas,
683 3971 765 4034 quae
788 3970 827 4014 ex
843 3949 910 4014 eius
926 3948 1041 4014 libellis
1058 3949 1178 4034 petitae
1193 3948 1226 4012 in
1242 3947 1376 4013 Scholiis

288 4085 292 4088 ·
372 4069 595 4147 inveniuntur,
618 4067 769 4152 deinceps
792 4066 1036 4132 consideremus

417 4185 520 4252 Schol
532 4187 624 4270 Apol.
637 4185 723 4252 Socr.
735 4187 776 4252 25
787 4184 820 4252 G.
832 4182 852 4250 ὦ
864 4190 943 4252 τᾶν·
954 4181 975 4250 ὦ
987 4179 1107 4263 eiusad
1118 4185 1214 4266 ἑταῖρε
1218 4234 1227 4262 ,
1238 4178 1259 4248 ὦ
1270 4182 1377 4263 τάλαν,

373 4301 393 4370 ὦ
412 4306 498 4384 μέλε·
516 4311 617 4371 ταῦτα
633 4305 715 4388 παρὰ
729 4313 788 4380 τοῖς
803 4305 941 4386 νεωτέροις
958 4305 1012 4370 ὑπὸ
1027 4310 1082 4369 τῶν
1097 4308 1239 4380 γυναικῶν
1253 4301 1377 4379 λέγεται
