3150 5080
713 619 751 684 19

221 827 334 894 Athen.
358 829 422 896 VI:
445 831 509 896 268
523 829 572 895 κί’
597 829 705 914 Ipsum
724 830 975 896 Grammaticum
996 829 1036 896 de
1059 829 1234 894 masculino

221 970 337 1033 genere
362 949 521 1014 monuisse
544 956 636 1032 patet
659 970 698 1018 ex
722 949 856 1014 Scholio.

266 1066 371 1132 Schol.
394 1067 472 1150 Rep.
495 1067 593 1134 VIII:
617 1067 683 1132 553
703 1066 728 1132 G
751 1068 858 1148 σινίρα
882 1069 960 1132 ἐστίν
978 1071 994 1144 ἡ
1010 1065 1154 1144 λεγομένη
1168 1091 1234 1146 κνρ-
1314 1135 1317 1144 ,

220 1185 327 1262 βασία.
354 1185 415 1250 ἔστι
441 1186 470 1250 δὲ
494 1185 601 1263 κόσμος
624 1185 855 1266 έπικεΦαέλαιος,
879 1183 897 1266 ᾖ
919 1185 943 1248 oi
963 1190 1077 1263 Περσῶν
1098 1183 1234 1261 βασιλεῖς

221 1304 299 1378 μένα
323 1305 384 1384 dclii
408 1306 552 1394 ἐχρῶντο,
577 1305 601 1371 σί
627 1303 656 1368 δὲ
679 1303 838 1382 στρατηγεῖ
864 1305 1026 1384 κεκλιμένρ.
1047 1303 1190 1384 Ἡρόδοτος
1206 1303 1235 1366 δὲ

221 1423 371 1502 ἀρσενικῶς
394 1423 443 1488 τὸν
470 1423 572 1502 σιαραν
595 1423 678 1502 Φνσί.
703 1424 775 1494 τινές
800 1423 829 1486 δὲ
852 1423 900 1486 καῖ
927 1424 1037 1503 κίταριν
1059 1421 1179 1500 λέγουσι
1202 1423 1235 1486 τὸ

222 1543 302 1608 αὖτέ.
335 1542 525 1624 Θεόφραστος
556 1543 586 1607 δὲ
620 1545 647 1607 ἐν
677 1546 717 1624 σῷ
742 1544 804 1623 περὶ
829 1543 986 1621 βασιλείας
1010 1545 1140 1623 Κυπρίων
1163 1539 1234 1608 εἶναι

221 1662 304 1738 λέγει
327 1662 379 1733 σὺν
402 1663 523 1742 κίταριν.

266 1779 327 1844 Hic
357 1801 496 1865 quoque.
514 1780 594 1846 nihil
625 1779 732 1864 aptius
764 1802 834 1847 esse
865 1781 990 1846 videtur
1023 1803 1120 1865 quam
1143 1782 1231 1867 ipsas

222 1898 345 1981 glossas
379 1920 419 1963 ex
449 1898 564 1965 Photio
592 1909 625 1964 et
648 1897 809 1983 Hesychio
833 1899 1033 1977 adscribere,
1059 1907 1094 1965 ut
1118 1921 1234 1982 cogno-

224 2023 333 2084 scatur
356 2017 438 2083 ratio
463 2016 590 2082 Scholii.
614 2017 720 2084 Habet
745 2017 938 2102 Hesychius:
962 2017 1086 2097 σιρίρα·
1113 2021 1236 2094 insyr-

221 2133 292 2210 αένιρ
316 2135 472 2215 κνρβασία.
497 2136 608 2211 ταύτην
631 2136 659 2199 δέ
682 2137 706 2200 αῖ
725 2135 833 2214 Πέρσαι
853 2136 990 2213 βασιλεῖς
1009 2136 1087 2212 μένει
1110 2138 1234 2216 ἐχρῶντο

222 2253 317 2332 ὀρθήν,
351 2255 374 2317 oi
405 2253 435 2318 δὲ
466 2255 625 2334 στρατηγοί
658 2255 892 2329 ὑσσκεκλικέννν.
926 2255 1070 2334 Ἡρόδοτος
1098 2254 1127 2318 ll
1150 2257 1178 2319 ἐν
1205 2257 1235 2318 α’

224 2375 380 2452 ἀρρενικῶς.
415 2373 564 2440 Photius:
602 2373 722 2452 τινίρα·
754 2373 861 2451 κόσμος
891 2374 1121 2456 εἰιικεΦνίλαιρς,
1154 2368 1186 2450 ἣν
1210 2375 1234 2438 oi

222 2491 358 2571 βασιλεῖς
382 2491 459 2567 αίννι
481 2495 558 2572 σ’ρίῖρν
581 2492 699 2572 ε’Φίρννν
723 2496 805 2571 παρὰ
828 2492 968 2573 Πέρσαις,
990 2495 1013 2557 εί
1032 2493 1060 2556 δὲ
1073 2495 1233 2573 στρατηγοί

222 2611 401 2687 κεκλιμένην.
427 2611 475 2675 καῖ
501 2612 679 2692 Δημάρατος
703 2615 764 2678 κτὲ.
789 2611 822 2678 τὸ
845 2612 874 2676 δὲ
897 2613 971 2677 αὐτό
989 2619 1082 2694 φασιν
1098 2608 1232 2678 εἶναικαὶ

222 2731 348 2808 κίταριν·
381 2730 571 2810 Θεόφραστος
595 2729 617 2794 δ’
644 2732 672 2794 έν
698 2733 738 2810 τῷ
762 2731 824 2811 σερῖ
848 2731 1006 2806 βασιλείας
1029 2733 1159 2810 Κυπρίων
1182 2735 1233 2805 riv

222 2847 330 2926 κίταριν
353 2849 389 2918 ὡς
414 2847 554 2929 ῖιρίφνρρν.
577 2847 624 2914 cf.
648 2854 785 2931 uterque
808 2871 834 2914 v.
855 2849 1012 2927 κυρβασία.
1041 2849 1104 2914 Sed
1125 2871 1233 2932 quam-

223 2986 319 3049 quam
342 2965 490 3032 Scholion
516 2967 768 3050 conglutinatum
793 2988 863 3032 esse
879 2968 1109 3046 existimamus,
1125 2974 1232 3032 tamen

222 3105 285 3148 non
302 3091 368 3162 est,
385 3106 442 3149 our
460 3105 673 3167 repugnemus
690 3083 818 3150 Nubere
840 3086 881 3150 ad
897 3087 1037 3169 glossam
1051 3087 1136 3168 apud
1152 3086 1230 3151 Pho-

223 3204 302 3268 tium
314 3203 494 3268 adnotanti:
509 3203 624 3270 Glossa
636 3209 685 3269 est
698 3204 874 3288 Platonica,
885 3204 923 3269 cf.
937 3204 1039 3271 Schol.
1053 3205 1130 3288 Rep.
1141 3205 1232 3270 VIII:

223 3321 289 3388 553
301 3303 334 3389 O.
358 3323 451 3390 Unde
469 3322 609 3389 Boethus
629 3323 773 3389 hauserit
790 3329 927 3408 apparet
938 3345 977 3388 ex
989 3324 1233 3408 Hesychi0‚'qui

224 3442 338 3507 similia
359 3441 469 3506 tradit.
498 3441 584 3507 Fons
605 3443 782 3506 communis
799 3442 938 3507 omnium
954 3449 1003 3507 est
1019 3441 1233 3525 Pamphilus”

223 3558 380 3625 Herodoti
395 3560 484 3626 locus
499 3567 548 3626 est
565 3558 601 3626 I:
625 3561 697 3626 132.
712 3559 754 3626 cf.
769 3559 914 3644 Xenoph.
932 3561 1033 3626 Anah.
1050 3561 1133 3626 1125
1149 3567 1168 3643 ξ
1182 3563 1233 3626 23.

267 3679 377 3742 Finem
405 3678 456 3742 his
479 3679 642 3760 imponam
665 3678 883 3744 exscribendis
907 3679 1009 3744 tribus
1033 3677 1166 3744 Scholiis
1192 3680 1233 3744 ad

224 3800 432 3885 Symposium.

270 3919 373 3986 Schol.
398 3920 542 4006 Sympoa
565 3923 627 3986 193
648 3921 693 3987 A:
711 3924 859 3986 λίσσεαι·
876 3923 907 3986 αῖ
922 3931 999 3986 λεῖαι
1015 3923 1064 3986 καί
1085 3925 1234 3999 ἐκτετριμ-

223 4039 307 4114 μένκι
335 4039 383 4103 καί
415 4039 525 4117 σίσαρον
550 4041 633 4117 λίαν,
657 4040 708 4104 καῖ
732 4041 756 4103 σί
780 4039 1013 4120 διασεσρισαένα
1036 4040 1232 4118 νίστρνίναλει.

223 4154 252 4221 σῖ
268 4182 301 4221 τε
325 4159 466 4230 Ἀθηναῖοι
491 4159 589 4223 λίσσρι
612 4164 772 4224 καλεῦνται
796 4164 836 4242 τῷ
860 4161 892 4223 εἰι
915 4167 966 4233 ταῖς
988 4160 1075 4238 ἐντῷ
1096 4177 1233 4234 κασιρλα-

223 4285 282 4342 νεῖν
305 4284 445 4359 συνεχοῦς
471 4277 594 4358 έΦέδρας
619 4279 724 4350 αὐτοὺς
748 4279 949 4356 αῖσνγλσιίτννς
975 4274 1055 4345 εἶναι.

1107 4397 1135 4446 2·
