3150 5080
850 641 892 708 16

407 850 510 918 Sobel
540 850 618 935 Rep.
648 848 711 915 IV:
743 850 810 916 430
830 848 858 912 A
881 849 1095 927 Χαλαίστοα·
1121 848 1205 920 τίλας
1229 857 1282 923 τῆς
1304 859 1378 916 Μαι

362 971 486 1044 κεδονίας
509 971 559 1035 καί
583 971 690 1047 λίμνη,
715 968 780 1035 ίνία
805 969 838 1032 τὸ
862 975 1067 1048 Χαλαιστραῖον
1093 969 1181 1047 νίτρον
1202 969 1376 1047 γιγνόμενον

362 1091 408 1157 διὰ
431 1092 621 1171 ἐνναετηρίδας
645 1090 815 1171 πήγνυται,
840 1087 940 1167 lacios
965 1090 994 1154 δὲ
1019 1089 1069 1154 καὶ
1092 1088 1205 1156 λύτταν.

407 1209 513 1276 Verba
533 1209 609 1276 inde
633 1209 673 1275 ab
697 1209 744 1274 δνίν
766 1210 875 1274 ἕνναετ.
899 1208 986 1293 apud
1009 1208 1150 1295 Hesych.
1172 1209 1345 1293 perierunt.

406 1328 477 1394 Hae
506 1329 602 1414 igitur
632 1328 775 1412 glossae,
806 1348 941 1394 numero
973 1326 1128 1406 LXXIII,
1157 1348 1294 1412 quarum
1324 1328 1375 1393 vix

361 1470 427 1514 una
449 1454 545 1532 atque
568 1447 672 1512 altera
694 1449 780 1531 apud
804 1447 952 1513 Photium
975 1447 1130 1527 occurrit,
1153 1449 1199 1514 ita
1214 1454 1320 1514 tamen
1338 1453 1374 1512 ut

363 1568 411 1634 vel
433 1568 569 1634 maxime
592 1567 756 1633 incredulo
780 1587 844 1633 non
868 1566 999 1632 dubium
1024 1588 1093 1632 esse
1117 1568 1235 1650 possit,
1261 1568 1375 1651 quina

362 1684 541 1751 Scholiasta
563 1707 581 1751 e
604 1685 792 1768 Diogeniani
817 1685 884 1750 sive
911 1683 1062 1769 Hesychii
1086 1685 1190 1751 lexico
1211 1686 1314 1769 petita
1335 1679 1399 1750 sit¹

362 1806 403 1890 (e.
434 1825 461 1870 c.
490 1802 708 1887 πρεσβεύομεν)
740 1803 819 1868 satis
853 1823 1013 1886 superque
1045 1803 1266 1869 demonstrare
1298 1802 1377 1868 mibi

363 1923 510 1989 videntur
539 1924 642 2006 ipsum
670 1921 861 2006 Diogenieni
886 1920 1011 1989 lexicon
1035 1943 1055 1987 a
1080 1920 1262 1988 Scholiasta
1285 1922 1377 1988 adhi-

362 2043 464 2108 bitum
495 2063 565 2108 esse
594 2061 697 2125 neque
729 2061 838 2106 omnes
862 2038 987 2123 glossas
1011 2041 1249 2125 Diogenianeas
1274 2042 1314 2107 ab
1338 2062 1377 2107 eo

362 2182 380 2227 e
402 2161 516 2226 Boethi
535 2160 650 2226 libellis
667 2160 831 2225 desumtes
849 2180 939 2239 esse,
955 2180 1041 2244 quae
1056 2159 1175 2227 Naberi
1192 2167 1242 2226 est
1259 2161 1375 2245 opinio.

364 2279 455 2358 Quod
478 2279 575 2344 etiam
599 2279 717 2345 certius
737 2280 956 2358 reddituris,
973 2300 1057 2362 quae
1074 2281 1122 2346 his
1139 2279 1268 2345 addam.
1294 2280 1376 2344 Nam

365 2400 416 2465 hic
437 2399 503 2465 illic
518 2400 552 2465 in
569 2399 701 2465 Scholiis
718 2399 842 2483 glossas
859 2399 1069 2483 deprehendi,
1085 2398 1141 2463 ubi
1157 2398 1373 2483 Diogenianea

364 2516 534 2583 coniuncta
564 2517 612 2582 vel
641 2518 786 2582 immixta
809 2517 958 2600 leguntur
981 2516 1114 2600 glossis,
1139 2538 1220 2600 quas
1243 2517 1376 2583 Photius

366 2636 514 2715 servavit3
537 2656 620 2720 quae
644 2636 862 2720 Diogenianea
884 2635 965 2701 miro
988 2640 1074 2700 ce1te
1099 2657 1176 2701 casu
1192 2636 1279 2720 apud
1294 2635 1378 2701 Pho·

365 2754 444 2822 tium
475 2755 662 2840 periissent,
695 2754 723 2819 si
753 2754 863 2819 lexicis
894 2753 935 2819 ab
959 2774 997 2819 eo
1021 2751 1174 2820 adhibitis
1197 2754 1376 2820 infuissent

366 2870 428 2937 Sed
453 2871 599 2956 exempla
622 2870 795 2956 proferam.

412 2990 586 3074 Prolegom.
610 2991 651 3056 ad
675 2989 823 3056 Photium
846 3013 898 3076 pg.
921 2993 963 3057 66
986 2991 1133 3058 Naberus
1153 2993 1234 3058 haec
1251 2989 1377 3058 scribit:

370 3107 448 3188 „list
471 3110 558 3193 apud
582 3108 778 3194 Hesychium
803 3109 891 3176 locus
915 3130 933 3175 e
957 3109 1125 3194 Pamphilo
1149 3110 1299 3194 deinceps
1324 3108 1379 3174 de-

367 3228 522 3311 scriptus:
547 3225 643 3303 Πνιίξ
652 3247 659 3261 ·
684 3225 772 3298 τίτας
799 3225 963 3305 Ἀθήνησιν,
980 3230 1009 3292 ἕν
1027 3222 1048 3310 ᾧ
1065 3229 1097 3293 αἱ
1114 3228 1263 3303 ἐκκλησίαν
1275 3228 1378 3304 ἤγοντο

367 3343 463 3410 κοίλαν
495 3346 548 3423 μὲν
579 3349 693 3422 πᾶσαν,
717 3355 819 3411 NTNI
842 3347 870 3410 δὲ
894 3342 980 3422 ἅπαξ
1004 3343 1074 3411 ὅταν
1097 3348 1262 3426 στρατηγὸν
1285 3371 1378 3428 χειρο-

367 3472 491 3530 τονῶσνν.
539 3442 719 3530 Scholiasta
748 3471 854 3530 autem
878 3464 1021 3531 Platonis
1044 3465 1133 3532 Criti.
1160 3469 1270 3532 112A
1297 3467 1327 3532 h.
1351 3487 1378 3533 e.

367 3583 537 3650 Boethus
561 3582 658 3658 Πνύξ
667 3604 675 3623 ·
693 3583 779 3656 τίτος
797 3585 959 3659 Ἀίνίνηονν,
976 3585 1005 3648 ἕν
1016 3579 1037 3667 ᾧ
1049 3586 1200 3660 ἐκκλησίαν
1214 3587 1377 3664 ἐγίγνοντο,

367 3702 464 3768 κοίλαν
495 3703 548 3781 μὲν
579 3707 691 3782 πᾶσαν,
711 3701 916 3768 ’ὟΣΤΕΡΟΝ
945 3703 974 3768 δὲ
997 3703 1099 3790 ίίταξ,
1124 3703 1195 3770 ὅταν
1217 3705 1265 3769 τὸν
1289 3730 1379 3786 στρα-

367 3822 457 3899 τηγὸν
480 3819 704 3902 χειροτονῶσνν.”

413 3940 585 4024 Nunquam
611 3941 738 4006 credam
763 3941 920 4008 Boethum
943 3963 1037 4007 usum
1060 3963 1132 4008 esse
1155 3943 1283 4009 soloeca
1306 3965 1379 4010 ora-

368 4060 471 4138 tione,
496 4080 593 4142 quam
613 4059 681 4124 iure
697 4059 819 4126 notavit
838 4058 978 4126 (lobetus
999 4060 1152 4127 Mnemos.
1172 4060 1217 4126 IV
1236 4084 1288 4146 pg.
1313 4061 1378 4127 284

368 4178 409 4262 (a
450 4176 568 4259 1876):
607 4186 694 4242 recte
733 4176 831 4242 habet
866 4181 1004 4255 γίγνεται
1039 4179 1180 4254 ἐκκλησία
1215 4181 1271 4245 νννὶ
1308 4178 1378 4246 ὅταν

369 4296 417 4363 τὸν
447 4295 612 4376 στρατηγὸν
642 4302 853 4383 χενοοτονῶσνν,
883 4298 939 4362 sed
968 4297 1080 4364 vitiose
1103 4298 1219 4364 dicitur
1241 4300 1377 4377 ἐγίγνετο
