3154 5074
824 645 867 712 56

341 873 401 918 noe
432 873 450 918 e
481 851 632 938 Dionysio
664 851 793 919 fluxisse
816 853 989 920 oontondit.
1036 853 1160 920 Oollato
1183 855 1354 920 Eustathio

342 969 469 1038 dubites
492 969 559 1038 fero
582 971 722 1055 glossam
745 972 866 1040 honooo
890 973 1041 1059 Dionysio
1066 973 1219 1040 tribuere.
1242 973 1355 1057 Neque

343 1090 446 1172 magis
470 1093 613 1168 constat,
637 1089 722 1157 unde
745 1089 925 1176 Hesychius
948 1089 1070 1158 habeat
1085 1091 1144 1156 ἐπὶ
1162 1092 1289 1171 κόρρης·
1307 1091 1355 1156 ἐπὶ

343 1215 482 1287 κεφαλῆς
510 1207 674 1286 ἢρνόόνν,
699 1228 740 1273 ox
764 1208 961 1293 Diogeniono
985 1230 1029 1276 an
1054 1230 1094 1275 ex
1116 1207 1250 1276 Boetho.
1295 1209 1358 1274 Hie

344 1345 408 1392 non
439 1325 598 1410 gravabor
629 1325 809 1392 exscribere
840 1325 980 1410 glossam
1012 1347 1053 1392 ex
1080 1327 1217 1413 Didymo
1240 1325 1358 1392 Milleri

345 1465 398 1528 pg.
421 1443 504 1522 400,
532 1465 630 1529 quom
654 1465 718 1510 non
741 1443 825 1512 male
848 1445 1031 1530 suspicatur
1054 1445 1216 1512 Msttsuer
1238 1467 1291 1530 pg.
1314 1445 1358 1510 95

346 1563 469 1629 Boetho
493 1561 619 1641 deberi;
643 1563 750 1647 glossa
773 1568 880 1630 antem
903 1564 984 1631 hneo
1007 1571 1070 1630 est:
1094 1566 1152 1630 oo
1177 1564 1311 1644 κόρςνς·
1335 1565 1360 1628 αἱ

347 1682 401 1760 μὲν
435 1684 467 1748 τό
501 1683 581 1749 κατόν
615 1684 752 1764 κεφαλὴν
782 1682 963 1750 τόττετόαν·
994 1689 1051 1750 τῶν
1080 1683 1139 1765 γὰρ
1164 1683 1288 1760 τἸόννων,
1324 1681 1362 1755 όός

348 1809 438 1882 φησιν
465 1799 686 1884 Ἐρατοσθένης,
722 1804 773 1877 τὶρν
806 1807 942 1881 κεφαλὴν
975 1802 1141 1868 καλούντων
1174 1802 1294 1884 κόρσην,
1333 1803 1361 1865 oi

349 1921 492 1996 Ἀθηναῖοι
525 1921 657 2002 καόρότερ
690 1921 822 2002 μυρρίνην
855 1923 907 1996 την
938 1920 1074 2001 Ιανρσόνην
1104 1922 1153 1986 καὶ
1187 1922 1228 1986 τόν
1259 1919 1361 1996 όρκννα,

351 2039 447 2120 κόρρην
475 2031 527 2115 riv
555 2041 689 2122 κεφαλὴν
721 2039 892 2118 ὠνόμασαν,
915 2042 952 2112 or
977 2040 1105 2106 liariter
1128 2042 1156 2105 ἕν
1179 2040 1286 2120 Γαρηόρι
1310 2039 1360 2103 καὶ

353 2159 535 2236 Δημνσόόνης
565 2160 594 2224 ἐν
625 2163 665 2241 τῷ
694 2161 775 2226 κατόν
807 2158 925 2226 Μειδίαν
957 2159 1102 2245 (5629)·
1134 2160 1159 2224 αἱ
1189 2159 1219 2224 δὲ
1251 2159 1285 2223 τό
1316 2159 1364 2224 ἕτό

353 2277 448 2360 sorite
473 2277 645 2355 ἐξηγοῦνται
668 2279 700 2342 τό
723 2280 763 2350 εἰς
786 2277 841 2350 τὰς
865 2279 987 2356 γνόόανς
1011 2277 1191 2355 τόττενόαν,
1217 2279 1254 2350 ὥς
1277 2281 1367 2342 ’Τπε-

355 2397 429 2478 ρόδης
453 2399 481 2462 ἐν
505 2399 545 2478 τῷ
567 2400 648 2462 κατόν
674 2398 831 2474 Δωρνόέαν·
857 2396 986 2478 όατόζενν
1002 2397 1090 2463 αὐτόν
1107 2397 1269 2462 Ἰττόννκαν
1284 2395 1366 2460 κατόν

356 2517 467 2596 κόρρης,
503 2517 607 2582 ἓτεντα
641 2516 690 2581 καὶ
724 2517 882 2588 Ἰττόννκνς
918 2517 967 2581 ὑπ’
997 2517 1177 2589 Αὐτοκλέους
1211 2517 1366 2598 ἐρρατόσόη

356 2637 409 2710 την
432 2633 546 2714 ρνόόαν.
571 2635 629 2700 Καὶ
654 2633 853 2717 Φερεκράτης·

447 2755 483 2820 '0
507 2754 532 2818 δ’
556 2755 697 2835 Ἀχιλεὺς
721 2751 753 2820 εὖ
775 2777 836 2826 τας
860 2754 907 2819 ἐπὶ
931 2753 1027 2835 κόρρης
1051 2753 1139 2821 αὐτόν

450 2870 616 2950 serrato,
640 2870 714 2938 ὥστε
737 2878 794 2953 πῦρ
817 2872 1001 2952 ἀπέλαμψεν
1024 2873 1135 2938 ἐκτῶν
1159 2869 1280 2949 ννόόων.

359 2990 409 3056 Ad
431 2991 633 3058 Pherecratis
656 3012 765 3058 versus
781 2991 949 3057 adnotavit
964 2989 1127 3057 Milierus:
1151 2990 1195 3057 Oe
1210 2987 1372 3075 fragment

360 3109 460 3176 instit
484 3116 534 3176 est
557 3109 802 3194 probobloment
825 3108 886 3174 tire
910 3110 950 3176 de
965 3110 998 3175 la
1013 3107 1105 3194 pisce
1120 3108 1162 3174 de
1176 3107 1372 3174 Pherecrate

277 3203 279 3210 ¹
361 3227 506 3295 intitules
529 3228 650 3306 Χείρων,
675 3231 717 3294 oir
741 3250 777 3294 oe
800 3226 894 3312 poete
919 3227 1016 3293 traite
1039 3249 1084 3292 un
1107 3228 1189 3312 sujet
1207 3226 1310 3293 favori
1331 3225 1372 3292 do
1413 3242 1416 3250 ·

362 3345 540 3413 l'anoienne
560 3346 719 3430 comedis,
736 3345 931 3413 o'est-a-dire
947 3346 977 3411 le
994 3351 1157 3412 contraste
1173 3346 1229 3411 des
1248 3365 1373 3411 moeurs

364 3471 397 3532 et
428 3465 467 3531 de
498 3464 573 3531 l'art
601 3466 748 3550 antiques
772 3486 848 3532 aveo
871 3465 902 3530 le
926 3463 1167 3548 divergondage
1192 3468 1375 3547 contempo-

365 3585 444 3650 rain.
483 3583 618 3662 chiron,
643 3584 698 3668 qui
721 3605 761 3649 ne
784 3583 889 3668 garda
911 3581 1034 3648 Achille
1057 3603 1119 3667 que
1140 3580 1272 3667 jusqn‘a
1294 3579 1376 3664 l'age

273 3741 278 3753 ·
366 3703 406 3768 de
436 3703 516 3768 neuf
543 3725 619 3783 ans,
650 3703 696 3769 lui
719 3723 798 3768 auro
821 3701 882 3768 fait
904 3704 1064 3786 peut-etro
1087 3722 1150 3766 une
1175 3701 1376 3786 proposition

367 3821 580 3901 detonuere,
612 3829 644 3887 et
675 3821 802 3900 celui-oi
831 3822 878 3886 lui
910 3841 992 3886 aura
1022 3818 1126 3885 donne
1159 3840 1202 3883 un
1232 3817 1376 3896 soufflet,

367 3945 413 4007 ἐπὶ
438 3942 545 4023 κόρρας·
591 3941 642 4006 En
663 3941 761 4006 lisant
782 3938 966 4019 ότόλαόμψαν
991 3943 1047 4002 τῶν
1070 3938 1182 4015 γνόόαν
1207 3957 1248 4002 on
1270 3931 1379 4001 aurait

368 4085 412 4130 on
435 4061 591 4128 excollent
613 4058 764 4126 trimetro.
808 4058 837 4122 A
860 4059 892 4123 lo
914 4059 1045 4142 ri'guenr
1068 4078 1109 4123 on
1133 4055 1280 4141 pourrait
1304 4077 1376 4121 oon-

369 4201 473 4248 sorvor
503 4181 535 4244 ἐκ
565 4185 598 4246 et
627 4178 685 4242 lire
715 4174 876 4253 ssoaons’
907 4177 940 4241 ἐκ
972 4181 1027 4239 τῶν
1050 4199 1099 4252 w.
1145 4170 1337 4239 Pherecrate
1362 4193 1381 4236 a

368 4301 526 4385 peut-etro
549 4295 629 4367 <ierit
651 4315 726 4364 aveo
751 4291 899 4378 synerese
922 4291 1085 4373 ότολόρκψ’
1109 4293 1141 4360 ta
1165 4297 1221 4356 τῶν
1244 4315 1291 4368 ρν.
1336 4288 1382 4358 Le
