3150 5080
860 619 899 682 18

370 825 509 908 glossam
531 824 637 907 legere
660 797 803 908 potuisse
827 824 892 890 sive
915 824 948 889 in
965 824 1087 892 Boetho
1106 827 1172 892 sive
1188 825 1283 904 alibi,
1299 827 1385 892 unde

370 944 492 1010 noverit
522 964 643 1009 morem
671 951 838 1026 argentum
870 944 904 1008 in
928 945 1076 1028 ampullis
1101 945 1260 1010 condendi
1285 951 1382 1030 atque

369 1083 529 1147 pauperes
552 1062 615 1126 diei
638 1061 849 1136 αὐτοληκύθους
873 1101 917 1111 -
940 1068 1113 1128 astantem
1130 1064 1216 1148 apud
1232 1064 1382 1130 Photium

369 1182 476 1266 glossa
491 1183 653 1256 λήκυθος·
673 1183 804 1246 εἷθθεσοον
821 1183 849 1246 ἐν
868 1183 997 1257 ληκύθοις
1018 1183 1204 1262 νομισμάτων
1223 1183 1304 1265 ἔχειν
1319 1184 1385 1249 νέων

369 1301 461 1380 τινές,
493 1300 551 1366 ὅθεν
581 1300 631 1366 cai
663 1299 729 1371 τοὺς
762 1300 958 1378 ἐνδημοῦντας
982 1304 1192 1377 αὐτοληκύθους
1217 1303 1318 1380 ἔλεγον
1340 1343 1385 1353 -

370 1420 411 1484 ad
435 1419 515 1484 haec
535 1417 745 1502 significanda
765 1419 954 1502 Diogeniani
970 1420 1073 1485 verbis
1089 1441 1167 1486 usus
1184 1429 1242 1488 est.
1266 1421 1383 1487 Verum

369 1538 458 1622 ipsas
490 1536 614 1622 glossas
645 1536 811 1614 excitabo,
845 1537 983 1620 quasin
1007 1536 1166 1632 Hesychio
1190 1538 1284 1604 hodic
1307 1540 1383 1624 logi·

371 1678 456 1723 mus:
481 1657 701 1738 Φοισκοθλνον·
730 1657 892 1733 βκλθντοον
915 1655 1092 1736 δερμάτινον.
1118 1657 1273 1730 canera
1298 1658 1328 1722 δὲ
1351 1659 1384 1723 τὸ

370 1775 469 1852 μέγα,
495 1776 534 1847 εἷς
557 1772 570 1840 ὃ
594 1776 635 1840 τοὶ
658 1773 768 1851 taetra
790 1774 993 1852 ἐμβοθλλετοον.

371 1894 621 1966 κύτολθκνθοο·
646 1894 670 1958 ol
694 1894 824 1969 πένητες.

370 2015 532 2088 λήκυθος·
556 2012 589 2077 rh
611 2010 729 2090 μετοοξὺ
752 2017 803 2077 τοῦ
826 2012 983 2077 λοονκοονθον
1005 2011 1055 2078 cai
1080 2013 1205 2092 αὐχένος
1228 2013 1348 2094 ἠχῶδες.

415 2132 463 2196 De
486 2131 535 2197 his
560 2131 707 2196 omnibus
732 2131 817 2214 apud
846 2130 996 2196 Photium
1020 2151 1060 2196 ne
1083 2132 1213 2197 verbum
1237 2131 1382 2216 quidem3

373 2271 448 2314 nam
471 2249 557 2333 quod
581 2247 669 2332 apud
692 2269 762 2314 aum
788 2249 905 2332 legitur
924 2249 1135 2327 ν.Φοιοκοὀλοον
1152 2249 1231 2315 nihil
1248 2250 1382 2316 adrem.

371 2368 421 2432 Ad
454 2368 609 2434 Herodoti
639 2367 744 2432 locum
776 2367 853 2449 (1112
890 2369 964 2448 20),
999 2368 1054 2433 ubi
1084 2369 1239 2434 articulus
1271 2369 1378 2447 abest,

372 2487 538 2552 adnotavit
565 2485 860 2570 Schweighaeuser:
884 2505 943 2550 nec
966 2484 1116 2552 ferandus
1139 2486 1199 2552 hoc
1222 2486 1293 2552 loco
1317 2487 1382 2552 ullo

372 2611 469 2691 pacto
491 2606 616 2671 videtur
640 2604 808 2681 articulus,
833 2626 929 2689 quem
953 2605 996 2670 ad
1013 2605 1207 2685 elucidamus
1226 2607 1382 2672 adiectum

370 2727 482 2792 volunt
504 2725 725 2803 Grammatici,
750 2747 809 2790 nec
836 2726 969 2791 absente
993 2725 1129 2792 articulo
1153 2727 1303 2810 cognosci
1327 2749 1383 2811 po-

371 2850 451 2923 test,
483 2852 590 2909 utrum
621 2844 654 2908 in
682 2864 779 2909 masc.
803 2865 845 2908 an
867 2844 900 2908 in
923 2842 1032 2910 femin.
1055 2865 1170 2929 genere
1194 2844 1381 2911 vocabulum

371 2963 449 3027 illud
474 2962 656 3027 Herodotus
679 2961 850 3046 usurparit
897 2959 1002 3038 Quare
1026 2962 1172 3046 suspicor
1195 2961 1326 3028 Suidam
1350 2968 1382 3028 et

373 3080 539 3158 Photium,
569 3101 634 3144 non
661 3080 805 3163 inspecto
829 3079 1010 3156 Herodoto,
1034 3101 1204 3164 perperam
1227 3081 1384 3165 interpre-

372 3204 457 3264 tatos
491 3165 561 3263 esse
592 3197 766 3281 superioris
800 3196 933 3263 alicuius
957 3196 1166 3263 Grammatici
1189 3196 1383 3264 observatio-

372 3337 462 3394 nem,
494 3316 548 3398 qui
578 3322 749 3380 monuerat
780 3337 843 3380 non
866 3315 1058 3392 οέλοέβοοοτον,
1084 3320 1120 3380 ut
1141 3314 1239 3382 Attici
1263 3317 1383 3395 solent,

372 3436 428 3500 sed
463 3434 655 3512 θλθβκοτρον
690 3434 855 3517 scripsisse
889 3433 1049 3499 Nostrum.
1095 3435 1143 3499 De
1178 3434 1299 3518 duplici
1328 3434 1384 3499 illa

373 3551 518 3618 vocabuli
546 3550 650 3616 forma
679 3551 749 3616 vide
771 3549 910 3616 Brunclc
934 3550 977 3616 ad
998 3550 1094 3616 Arist.
1119 3551 1254 3617 Acharn.
1281 3552 1382 3632 1053,

376 3669 466 3734 cuius
500 3668 653 3733 monitum
678 3667 717 3733 de
740 3668 918 3733 Atticorum
942 3689 1002 3734 usu
1025 3666 1155 3734 &mant
1178 3689 1233 3749 aa,
1258 3690 1341 3753 quae
1364 3690 1384 3735 a

373 3788 466 3854 nohis
490 3788 532 3853 ad
555 3788 672 3853 Athen..
691 3787 738 3852 V:
763 3789 862 3854 2060
886 3794 918 3853 et
940 3787 1004 3854 VI:
1023 3788 1087 3854 268
1104 3788 1382 3872 aadpositasunt.

371 3909 419 3974 Eo
451 3907 554 3973 minus
585 3912 693 3973 autem
724 3928 806 3991 opus
837 3907 942 3973 iuerat
974 3909 1013 3973 de
1045 3907 1220 3973 masculino
1252 3928 1381 3991 genere,

373 4025 460 4110 quod
483 4024 559 4090 huic
582 4025 736 4090 vocabulo
760 4024 944 4092 Herodotus
960 4026 1123 4105 tribuerit,
1143 4047 1289 4106 mouere,
1305 4048 1383 4111 quo-

371 4147 458 4211 niam
480 4143 560 4209 illud
583 4144 707 4208 Atticos
732 4144 828 4208 etiam
853 4145 1024 4228 scriptores
1048 4144 1160 4209 eodem
1182 4145 1335 4229 generes
1369 4185 1384 4196 -

372 4268 544 4348 quentasse
561 4267 704 4342 constat,
726 4262 811 4327 velut
826 4261 988 4346 aristoph.
1004 4263 1024 4328 l
1042 4283 1068 4327 c.
1084 4268 1117 4328 et
1133 4261 1281 4330 Cratinus
1296 4265 1396 4351 apud·
