3154 5074
621 645 683 712 109

146 853 185 920 of.
208 853 326 920 Polluc.
352 853 463 920 Onom.
487 853 528 920 5:
556 855 637 932 131,
662 849 753 920 Phot.
777 854 811 918 in
834 875 860 920 v.
882 860 913 920 et
932 855 965 918 in
985 876 1012 920 v.
1030 868 1155 932 παλαμ-

147 981 235 1046 ναῖος.
272 973 469 1039 Phavorinus
504 972 603 1039 habet
636 973 720 1039 idem
756 980 854 1057 atque
885 972 990 1039 Schol.
1019 973 1156 1060 Oratyi,

147 1097 260 1158 contra
279 1091 416 1188 Heqych.
439 1093 810 1171 ἀποδιοπομπεῖσθαι·
834 1093 1087 1172 ἀποστρέφεσθαι,
1108 1093 1157 1158 τθν

147 1213 342 1292 ἀποτρόπαιον
359 1201 562 1289 ἐκπέμπεσθαι
583 1211 719 1289 μακράν,
744 1203 911 1294 quantum
929 1211 1055 1276 demum
1070 1219 1157 1277 recte

146 1328 281 1408 habent,
306 1331 333 1395 si
358 1329 571 1408 ἀποτρόποισι,
596 1329 682 1412 quod
705 1329 799 1414 vulgo
823 1326 984 1413 significat
1006 1349 1158 1394 averrun-

146 1467 237 1526 cum,
270 1448 426 1532 accipitur
453 1467 512 1532 pro
535 1445 662 1513 funesto
687 1468 712 1513 s.
736 1447 924 1532 pernicioso.
949 1447 989 1513 01.
1013 1422 1167 1512 Ρειεοονίίι

145 1565 236 1632 lexic.
268 1567 303 1631 in
335 1587 376 1643 v.,
409 1565 533 1632 Albeni
555 1565 598 1631 ad
621 1564 776 1651 Hesych„
798 1565 947 1632 Kuhnius
971 1565 1012 1632 ad
1036 1565 1157 1632 Polluo.

149 1687 190 1752 1:
215 1685 273 1764 38,
291 1685 346 1769 qui
362 1686 408 1750 sic
424 1683 533 1751 vertit:
550 1705 781 1764 averruncare,
796 1685 1000 1769 impiatorum
1017 1686 1155 1750 ultorem

146 1804 259 1888 procul
283 1805 450 1888 ablegare,
473 1805 621 1870 lustrare.
977 1786 980 1790 ¹

199 1920 278 1987 Cum
303 1923 444 1988 secunda
466 1927 560 2005 parba
584 1920 704 1988 scholii
721 1922 868 1987 convenit
883 1921 998 1988 Suidas
1021 1921 1160 1987 ἀποδιο-

147 2042 389 2116 πομπεῖσθαι·
421 2039 649 2116 ἀποπέμπεσθαι
680 2039 749 2118 πρὸς
781 2042 830 2106 τὸν
855 2039 1060 2120 προστρόπαιον
1080 2040 1158 2115 Δία,

147 2158 198 2222 καί
230 2133 307 2222 οίονεί
339 2159 522 2236 καθαίρεσθαι
555 2158 572 2233 ἢ
603 2157 784 2222 ίλάσκεσθαι.
816 2158 906 2223 Idem
938 2164 1064 2224 sextum
1097 2157 1158 2222 lex.

148 2275 249 2341 Bekk.
279 2275 395 2354 427‚5‚
426 2275 528 2360 Etym.
561 2275 602 2340 M.
636 2275 772 2354 125‚34‚
805 2276 931 2361 128,20.
962 2275 1001 2341 01.
1034 2273 1159 2340 Ruhnk.

150 2392 194 2459 ad
220 2392 297 2459 Tim.
328 2393 389 2460 lex.
419 2416 469 2478 pg.
494 2395 555 2478 40,
580 2394 697 2461 Moeris
720 2395 769 2459 ed.
793 2393 937 2461 Pierson.
960 2395 994 2461 in
1017 2415 1062 2473 v.‚
1086 2391 1161 2459 Hes.

150 2518 184 2578 et
206 2511 294 2578 Suid.
316 2535 343 2578 v.
366 2513 595 2589 διοπομπείσθαι.
724 2515 725 2518 '
765 2573 768 2581 .

194 2628 270 2696 ibid.
305 2630 371 2695 854
404 2630 430 2695 B
469 2630 734 2712 οιαριποια·
773 2635 830 2695 τοι
862 2611 1084 2711 ammam„
1119 2629 1161 2696 τι

149 2747 239 2816 κακοί.
269 2748 458 2826 λαμβάνεται
489 2749 518 2813 δὲ
548 2753 578 2826 ἡ·
595 2747 673 2825 λέξις
701 2749 750 2814 καί
782 2749 830 2813 έπί
860 2755 916 2813 τῶν
945 2755 1080 2831 φευκτῶν
1109 2748 1160 2812 καί

150 2871 298 2948 μισεῖσθαι
321 2867 408 2946 ἀξίων
429 2870 587 2951 ἀνθρώπων.

195 2986 284 3054 Idem
319 2986 405 3054 Suid.
442 2987 526 3054 Hinc
559 2987 683 3072 borrigo
712 2985 799 3070 apud
830 2985 904 3052 Hes„
934 2963 1094 3067 Φευκταίοι
1127 2987 1161 3052 in

150 3107 288 3186 Φευκτθς.

196 3224 362 3291 1111855
387 3224 411 3290 0
433 3224 656 3305 ἀριστίνδην·
680 3224 748 3289 κατ’
773 3226 897 3303 ἐκλογὴν
920 3224 969 3288 καί
986 3222 1091 3306 αίρεσιν
1105 3208 1162 3290 τῶν
1286 3267 1288 3271 ·

151 3341 285 3423 ἀρίστων.
633 3393 636 3400 .

196 3461 284 3527 Idem
317 3459 402 3527 Suid.
425 3468 459 3526 et
482 3467 559 3527 sext.
583 3461 642 3527 lex.
666 3458 770 3527 Bekk.
792 3446 924 3546 444J28.
970 3462 1030 3527 Est
1053 3461 1162 3546 glossa

153 3579 337 3658 Platonica,
360 3601 434 3644 nam
458 3577 589 3646 additur
610 3580 644 3644 in
667 3578 776 3645 lexicis
799 3579 940 3645 laudatis
963 3580 1055 3657 νίμυν
1079 3581 1115 3644 θ’.

197 3697 273 3763 ibid.
297 3697 404 3764 866ss
428 3697 754 3779 προστρεπομένου·
774 3697 1042 3775 ἀποπεμπομένου,
1061 3721 1164 3778 τρεπο-

153 3816 239 3893 μένου
262 3817 312 3894 έΦ’
335 3790 446 3882 ἓαυτθν.
479 3869 483 3878 .

199 3934 287 4000 Idem
318 3933 409 4000 Phot„
439 3956 466 4000 v.
498 3934 743 4014 προστρέπεσθαι,
777 3931 889 3999 eodem
919 3953 1047 4012 errore,
1069 3955 1163 4018 quem

156 4055 294 4119 correxit
316 4053 463 4118 Naberus
488 4052 631 4119 scribens
654 4051 714 4133 ἀφ’
737 4053 853 4119 ἑαυτοῦ.

166 4219 167 4224 1
199 4169 274 4236 ibid.
311 4171 373 4236 871
406 4172 434 4237 Ε
467 4173 593 4238 ἀνατί·
628 4170 777 4250 ἀβλαβῶς
810 4168 860 4235 καί
891 4167 960 4235 ἀνευ
991 4168 1091 4244 τίσεως
1115 4174 1164 4237 κοί

154 4289 305 4370 τιμωρίας.
