3154 5074
674 659 716 724 91

233 867 310 934 ibid.
334 869 399 935 IX:
425 867 490 934 853
514 868 544 933 D
573 867 836 962 κερασβόλους·
866 868 926 932 άτδ
948 870 1122 947 μεταφοράς
1145 871 1201 930 τῶν

189 991 216 1052 ἐν
248 993 307 1059 τοῖς
340 994 435 1065 πυροῖς
468 987 517 1051 καὶ
547 986 669 1067 ὀσπρίοις
700 987 912 1067 συμφυομένων
944 990 1071 1065 σκληρῶν
1094 983 1200 1050 κόκκων

187 1107 254 1178 τοὺς
277 1105 469 1178 άπαιδεότους
493 1106 542 1169 καὶ
564 1105 690 1208 άπειόεζς
709 1111 767 1175 τοῖς
789 1103 883 1179 νόμοις
905 1103 953 1166 καὶ
975 1102 1112 1183 σκληροὺς
1132 1109 1199 1172 ταῖς

188 1225 318 1302 γνάμαις
349 1226 447 1302 douln.
480 1220 553 1288 οὗτοι
586 1219 632 1288 οὖν
663 1224 687 1286 οἱ
720 1223 812 1286 κόκκον
845 1223 961 1300 σκλκροέ
998 1224 1027 1285 τ’
1061 1221 1114 1286 εἰσὶ
1149 1219 1199 1285 καὶ

188 1345 332 1421 μέλανες,
365 1342 560 1422 στρογγύλοι,
586 1341 762 1417 ἰσομεγέθεις
787 1341 941 1420 κέγχροις,
967 1334 992 1404 οἳ
1014 1339 1200 1420 συνεψόμενοι

187 1469 247 1534 τοῖς
277 1462 398 1539 ὀσπρίοις
429 1463 460 1526 οὐ
491 1463 635 1535 τήκονται.
670 1458 792 1539 εἴρηνται
822 1460 852 1524 δὲ
876 1458 962 1526 οὕτως
985 1459 1045 1524 άπό
1068 1465 1118 1524 τοῦ
1149 1462 1201 1532 τὴν

188 1584 378 1661 κατασπωράν
399 1581 447 1646 καὶ
471 1581 504 1644 τδ
527 1579 640 1660 άροτρον
663 1587 722 1644 τοῖς
745 1581 843 1660 κέρασι
864 1586 920 1644 τῶν
941 1578 1015 1657 βοῶν
1031 1578 1200 1656 βεβλῆσθαι

187 1701 235 1765 καὶ
260 1702 463 1776 άντιτόπτειν,
478 1701 525 1764 καὶ
551 1698 597 1763 διά
621 1705 705 1764 τοῦτο
730 1699 900 1778 κερασβόλα
924 1701 1073 1774 κληθῆναι.

231 1818 331 1884 Plane
362 1819 477 1884 similia
507 1818 556 1884 vel
580 1820 612 1883 in
636 1820 751 1884 mendo
778 1819 927 1897 Pholius,
952 1819 1007 1884 sed
1032 1818 1199 1884 verborum

187 1937 298 2004 ordine
321 1937 463 2022 paullum
487 1939 661 2004 immolato.
700 1938 851 2003 Mendum
873 1939 938 2002 iem
963 1937 1090 2003 sanavit
1113 1936 1198 2002 llus·
1235 1999 1238 2009 ς

187 2062 274 2122 torus
299 2055 456 2122 scribens:
479 2057 540 2120 άπὸ
563 2063 613 2122 τοῦ
638 2059 718 2121 κατά
741 2059 794 2130 τὴν
818 2057 926 2137 σποράν
950 2055 999 2120 καὶ
1021 2059 1068 2120 τόν
1089 2054 1198 2134 άροτον.

187 2174 259 2240 Non
290 2175 348 2240 ebs
378 2196 413 2239 re
445 2176 506 2241 erit
528 2175 579 2240 hic
603 2175 802 2254 exscribere,
827 2195 911 2258 quae
934 2175 1085 2258 leguntur
1112 2174 1199 2258 apud

189 2293 356 2378 Didymum
382 2293 499 2360 Milleri
521 2315 573 2378 pg.
597 2294 679 2360 404:
702 2295 941 2372 κερασβόλον·
967 2293 999 2357 τό
1019 2292 1199 2370 κερασβόλον

189 2411 250 2476 ἐστὶ
275 2411 328 2486 μὲν
350 2417 405 2474 τῶν
428 2410 515 2486 άταξ
537 2411 685 2490 εέριςμένων
708 2415 748 2492 τῷ
770 2412 923 2491 Πλάτωνι,
944 2411 1005 2476 ἐστὶ
1027 2411 1057 2475 δὲ
1076 2411 1125 2475 ἐπὶ
1144 2417 1199 2475 τῶν

189 2529 365 2610 σπερμάτων
394 2531 591 2609 ταττόμενον,
621 2537 677 2596 τῶν
707 2532 774 2596 οότε
806 2533 982 2612 ἐκφερόντων
1011 2530 1119 2610 καρπόν
1141 2530 1197 2594 οὔθ’

189 2646 271 2715 ὕδατι
295 2647 344 2712 καὶ
364 2648 429 2730 πυρὶ
449 2651 620 2727 τηκομένων.
644 2656 756 2716 Ταῦτα
775 2651 804 2715 δὲ
825 2645 898 2715 εἶναό
917 2657 994 2730 Φασι
1015 2650 1055 2714 τά
1075 2650 1129 2713 ὑπό
1144 2656 1200 2714 τῶν

189 2769 312 2849 σπορέων
341 2769 423 2834 κατά
453 2774 509 2834 τῶν
540 2771 665 2851 κεράτων
697 2771 861 2847 βλιςόέντων
890 2778 946 2835 τῶν
969 2769 1058 2848 βοῶν,
1082 2769 1141 2844 άΦ’
1163 2765 1200 2834 ὧν

189 2887 238 2952 καὶ
261 2889 389 2964 τοῦνομα
412 2891 502 2970 ἔσχε·
527 2891 720 2970 παραδέδοται
744 2893 804 2968 γάρ
823 2889 948 2961 τοιοῦτός
969 2913 1012 2961 τις
1029 2885 1093 2967 περὶ
1106 2889 1200 2952 αιἰτιῗιν
1276 2889 1280 2896 ’

188 3005 291 3083 λόγος,
322 3009 358 3078 άς
390 3007 560 3088 άτεράμνων
589 3008 675 3074 όντων
698 3016 753 3074 τῶν
776 3007 863 3079 οὕτως
888 3010 928 3079 εἰς
951 3009 1003 3082 τὴν
1026 3016 1083 3084 γῆν
1106 3031 1200 3070 κατα-

190 3126 332 3191 πεσόντων
362 3128 547 3207 σπερμάτων.
582 3130 659 3200 Τοὺς
690 3127 736 3195 οὖν
768 3131 823 3194 ὑπὸ
858 3127 1049 3199 ἀπαιδευσίας
1073 3128 1199 3198 άπειόεῒς

189 3251 247 3314 τοῖς
281 3245 375 3320 νόμοις
409 3247 604 3325 κερασβόλους
639 3247 846 3328 προσηγόρευε·
884 3246 924 3311 διὸ
956 3246 1008 3311 καί
1036 3252 1125 3327 Φκτιν
1156 3281 1200 3294 --

190 3363 334 3445 seqnitur
356 3363 500 3430 Platonis
523 3365 630 3445 leone,
655 3367 711 3432 sed
736 3367 850 3432 misere
874 3372 1053 3450 corruptus.

233 3481 309 3548 ibid.
333 3481 414 3549 XII:
439 3482 545 3549 9620
564 3483 753 3565 τοπάζειν·
777 3483 988 3566 στοχάζεσθαι,
1007 3484 1199 3559 ἐνθυμεῖσθαι,

190 3599 329 3680 ὑπονοεῖν,
356 3603 405 3664 καὶ
430 3602 583 3666 ὑποτοπεῖν
605 3602 644 3668 δέ.

234 3717 366 3783 Dehas
389 3719 498 3804 glossa
521 3721 589 3786 vide
613 3743 711 3806 supra
735 3745 783 3808 pg.
809 3722 859 3787 23.

234 3821 323 3887 Haeo
354 3832 445 3900 sunt,
475 3846 559 3908 quae
584 3828 610 3892 si
634 3849 698 3892 non
722 3830 845 3903 omnia,
872 3829 1025 3911 pleraque
1048 3833 1198 3890 lemene

190 3941 303 4006 Boethi
326 3941 444 4008 libellis
467 3943 597 4010 fluxisse
617 3945 694 4010 mihi
711 3947 865 4012 videntur.
890 3945 971 4011 Nem
987 3946 1020 4010 in
1037 3918 1197 4010 nonnullis

190 4079 241 4126 ree
273 4062 444 4128 admodum
476 4063 574 4128 dubia
602 4071 670 4144 est,
694 4071 730 4128 ul
753 4086 852 4150 supra
873 4085 924 4150 pg.
949 4065 991 4131 68
1016 4061 1198 4148 significavi.
1233 4063 1236 4070 ’

191 4177 303 4262 Neque
327 4201 411 4244 nuno
433 4179 602 4260 haberem,
627 4183 713 4265 quod
736 4183 810 4248 huie
834 4184 932 4268 capiti
955 4183 1123 4262 adderem,
1139 4183 1198 4248 nisi

191 4296 241 4361 his
264 4297 342 4381 ipsis
358 4297 472 4364 diebus
490 4298 531 4364 ed
548 4301 694 4366 notitiem
711 4323 814 4367 meam
829 4304 1024 4386 pervenisset
1038 4323 1197 4370 oommen-
