3150 5080
708 647 731 715 5

212 867 245 927 et
278 860 338 926 has
372 859 601 944 explicationes
632 859 678 924 ibi
708 859 859 926 collectas
889 881 959 927 esse
989 859 1137 944 viderim,
1171 859 1227 925 nbi

211 981 383 1046 maximam
405 979 578 1044 utilitatem
600 978 774 1062 praebent,
805 1000 920 1063 nempe
942 980 975 1043 in
991 979 1134 1062 Corpore
1150 977 1225 1043 Par-

211 1099 509 1182 oemiographornm
539 1097 754 1182 Graecorum,
785 1098 871 1182 quod
902 1097 1070 1164 ediderunt
1098 1097 1225 1163 Schuei·
1294 1129 1296 1134 ·

212 1217 313 1284 dewin
341 1223 374 1282 et
404 1216 559 1292 Leutsch,
595 1216 650 1282 uhi
683 1238 741 1282 suo
774 1238 921 1300 quaeque
953 1217 1023 1282 loco
1052 1216 1224 1300 explicatio

211 1356 229 1400 e
266 1334 401 1401 Scholiis
435 1334 607 1414 laudatur,
643 1355 748 1418 neque
784 1334 921 1418 denique
960 1333 993 1398 id
1033 1354 1150 1417 agam,
1188 1340 1226 1399 ut

211 1453 341 1520 Scholia
369 1453 544 1530 illustrem,
577 1452 633 1519 sed
666 1455 803 1537 quaein
827 1454 866 1518 iis
889 1445 1000 1519 insunt
1022 1453 1224 1536 grammatici

211 1571 389 1658 argumenti
419 1593 439 1636 a
469 1573 585 1636 ceteris
617 1592 769 1655 seponam
801 1577 898 1655 atque
922 1572 1088 1656 colligam,
1112 1592 1222 1636 omnes

211 1692 365 1757 omittam.

255 1810 351 1876 Hisce
378 1810 417 1876 de
445 1809 593 1875 universa
616 1810 815 1876 Scholiorum
838 1809 945 1875 indole
968 1809 1155 1893 praemissis
1179 1810 1220 1874 ad
1242 1802 1245 1807 ’

210 1929 336 2013 singula
358 1929 497 1994 transire
521 1950 669 2012 possum,
693 1929 918 2012 atqueprimo
943 1929 1048 2012 capite
1073 1949 1165 2011 agam
1183 1930 1222 1994 de

210 2045 359 2127 Scholiis,
372 2046 489 2130 quibus
501 2047 628 2132 glossae
640 2069 680 2114 ex
692 2048 882 2133 Diogeniani
895 2047 996 2113 lexico
1009 2049 1222 2117 continentur.

425 2639 481 2705 DE
505 2638 674 2705 GLOSSIS
696 2637 1008 2705 DIOGENIANEIS.

253 2876 302 2941 Ex
330 2877 521 2942 doctissimis
544 2877 815 2960 disputationibus
839 2876 1010 2942 illustrium
1035 2877 1221 2960 grammati·

210 3015 318 3060 corum
346 2995 634 3061 Alexandrinorum
662 2994 906 3073 Eratosthenis,
930 2994 1124 3079 Polemonis,
1150 2995 1221 3058 Ari-

210 3115 392 3198 stophanis,
409 3115 602 3194 Aristarchi,
620 3114 755 3182 ahorum
771 3115 927 3200 Didymus
938 3112 992 3178 ille
1008 3112 1219 3193 χαλκέντερος,

209 3233 264 3316 qui
294 3233 430 3318 Augusti
462 3242 568 3299 aetate
597 3235 689 3314 vixit,
713 3237 958 3301 commentarios
982 3235 1166 3300 confecerat
1186 3234 1220 3299 in

209 3351 385 3434 permultos
409 3359 522 3435 poetas
547 3375 618 3418 cum
643 3355 780 3419 comicos
800 3364 867 3419 tum
889 3356 1045 3440 tragicos3
1066 3374 1148 3436 quae
1166 3355 1221 3418 Di-

209 3469 295 3554 dymi
312 3470 416 3537 lexica
432 3481 547 3538 nactus
562 3473 765 3557 Pamphilus,
783 3475 838 3557 qui
856 3473 984 3558 saepius
1000 3474 1040 3538 ab
1053 3474 1219 3539 Athenaeo

209 3588 425 3654 testimonium
451 3589 557 3655 dicere
579 3591 720 3669 iubetur,
745 3612 785 3656 ex
801 3592 901 3676 copiis
917 3591 1124 3670 Artemidori,
1141 3590 1219 3656 Her·

209 3707 381 3786 monentis,
393 3707 562 3788 Theodori,
577 3710 711 3775 aliorum
726 3710 883 3795 supplevit
895 3716 927 3774 et
938 3711 971 3774 in
982 3709 1119 3776 formam
1131 3710 1219 3774 rede·

208 3826 255 3908 git
271 3826 446 3892 doctissimi
458 3833 555 3910 atque
569 3828 756 3912 amplissimi
768 3828 862 3894 lexici
874 3828 1054 3912 glossarum
1067 3836 1098 3893 et
1111 3849 1217 3892 rerum

209 3945 396 4011 notabilium
429 3946 503 4029 (περὶ
535 3954 675 4022 γλωσσῶν
705 3948 754 4011 καὶ
778 3950 926 4023 ὀνομάτων
949 3950 1029 4012 κατὰ
1053 3947 1217 4029 στοιχεῖον).

209 4063 278 4130 Hoc
308 4064 467 4149 Pamphili
496 4066 620 4131 lexicon
653 4067 686 4131 in
718 4067 845 4133 brevius
869 4069 1028 4134 contraxit
1050 4066 1216 4141 Vestinus,

209 4182 332 4248 Vestini
348 4184 509 4266 epitomen
522 4184 745 4269 Diogenianus.
763 4186 952 4270 Diogeniani
964 4187 1070 4270 operis
1083 4187 1217 4253 alteram

208 4301 377 4368 editionem
400 4303 523 4368 curavit
544 4302 722 4387 Hesychius
745 4310 874 4388 praeter
892 4304 1027 4371 aliorum
1047 4325 1146 4390 opera
1162 4307 1216 4371 ad-
