3154 5074
674 617 715 682 77

191 851 318 918 quoque
352 827 534 896 Scholiasta
556 824 745 892 utilissimas
775 826 894 907 χρήσεις
926 825 1049 903 omisit,
1075 825 1119 912 nil
1142 825 1204 892 nisi

190 951 279 1017 nuda
312 950 598 1033 interpretamenta
633 965 808 1029 apponens.
865 945 1028 1030 Integram
1061 945 1200 1029 glossam

192 1068 327 1135 servavit
354 1067 502 1132 Plotius:
536 1064 737 1146 τευτάζειν·
761 1063 1026 1142 πραγματεύεσθαι
1050 1063 1066 1139 ἢ
1091 1088 1201 1130 σκευω-

191 1189 296 1269 ρείσίαι
329 1186 345 1261 d
377 1183 612 1266 στραγγεύεσίαι
641 1182 690 1248 καί
715 1182 790 1246 πολὺ
814 1182 969 1262 διατρίβειν
995 1185 1023 1248 ἐν
1048 1183 1089 1262 τῷ
1113 1184 1202 1263 αὐτῷ.

192 1307 352 1388 Λυκόφρων
375 1302 462 1375 οὕτως
486 1303 536 1368 καὶ
561 1302 708 1382 Δίδυμος,
739 1302 867 1383 προσίείς
891 1302 933 1366 ὅτι
960 1301 1046 1367 ἐνίοτε
1069 1301 1202 1380 σημαίνει

192 1427 241 1492 καὶ
261 1427 295 1492 τὸ
313 1422 481 1506 φροντίζειν.
505 1421 667 1503 Ἡρακλέων
686 1421 716 1487 δὲ
734 1421 1013 1502 καταμεμψάμενος
1025 1417 1201 1503 Λυκόφρονα

193 1551 283 1628 φησιν
317 1538 389 1608 εἶναι
424 1542 457 1606 τά
493 1542 672 1623 ἐπιστρεφῶς
709 1565 737 1604 τι
768 1539 906 1620 πράττειν
939 1539 956 1615 ἢ
989 1539 1128 1620 ἐνεργεῖν·
1153 1541 1202 1604 καί

193 1661 398 1742 Ἀρτεμίδωρος
421 1661 455 1724 τὸ
478 1657 646 1741 φροντίζειν.
670 1657 807 1739 Φρύνιχος
831 1658 987 1729 Μιίσταις·

327 1777 468 1856 μάστιγα
491 1777 516 1841 δ’
539 1779 568 1842 ἐν
591 1783 688 1857 χεροῖν
711 1775 788 1857 ἔχων
810 1774 995 1856 τευτάζεται.

195 1899 321 1964 Πλάτων
345 1897 512 1978 Ξαντρίαις·

326 2014 359 2093 ἦν
382 2017 415 2090 δη
438 2015 552 2096 θόρυβος
575 2013 780 2095 τευταζίντνιν.

194 2135 259 2200 άντί
283 2140 333 2200 τοῦ
357 2131 646 2214 πραγματευομένων
671 2132 687 2207 ἢ
712 2131 922 2211 διατριβόντων.
946 2131 1003 2198 Καί
1025 2133 1053 2197 ἐν
1065 2133 1203 2212 Τιμαίῳ·
1286 2137 1289 2146 “

195 2256 236 2334 τῷ
264 2253 318 2331 μὲν
341 2247 386 2317 οὖν
409 2251 473 2331 περὶ
497 2252 553 2324 τάς
576 2250 730 2329 ε’πιίυμίας
754 2251 770 2326 ἢ
794 2253 972 2333 φιλονεικίας
995 2251 1201 2318 τετευτακίτι·

194 2368 248 2438 οίον
272 2372 478 2452 διατετριφίτι.
503 2369 656 2452 Γράφεται
678 2369 727 2432 καί
752 2365 958 2434 τεταυτακίτι.
982 2371 1196 2445 Τηλεκλείδης·

327 2489 436 2560 πάντες
460 2489 489 2552 δὲ
512 2487 697 2570 τευτάζουσιν
720 2488 745 2552 οἱ
768 2487 897 2554 διάκονοι.

194 2610 259 2676 άντί
283 2615 334 2675 τοῦ
357 2608 639 2688 πραγματεύονται,
663 2613 876 2686 σκευωροῦνται.
902 2606 1096 2689 Φερεκράτης·

239 2729 252 2794 ὁ
276 2729 305 2792 δὲ
327 2728 423 2793 παῖδα
445 2734 535 2792 καλεῖ
553 2726 603 2792 καί
628 2725 761 2808 τευτάζει
782 2727 873 2806 τούτῳ
892 2728 1001 2791 δεῖπνον
1021 2729 1201 2805 παραθεῖναι.

195 2847 335 2925 Σημαίνει
359 2846 387 2911 δὲ
410 2845 460 2910 καί
482 2847 516 2911 τὸ
538 2843 725 2926 σπουδάζειν·
754 2846 908 2917 Πολιτείας
930 2844 956 2926 ζ
968 2864 975 2878 ·
1001 2846 1050 2909 καί
1075 2846 1108 2910 τὸ
1132 2847 1200 2920 ἡσυ-

173 2966 308 3046 χάζειν.
339 2965 387 3030 καὶ
418 2964 584 3046 τευτάζων,
608 2964 641 3030 τὸ
665 2967 738 3031 αὐτὸ
760 2966 806 3030 άεί
830 2965 941 3042 λέγων,
966 2970 1114 3047 φλυαρῶν.
1154 2963 1201 3030 Of.

194 3083 312 3150 Naber.
344 3085 385 3150 ad
415 3085 500 3150 hano
527 3084 587 3168 gl,
618 3083 673 3168 qui
696 3085 849 3164 originem
872 3084 1040 3168 perspicue
1062 3084 1202 3150 indicat:

197 3203 348 3284 „Photius
371 3203 497 3287 accepit
520 3203 692 3282 aBootho‚
708 3203 848 3268 Boethus
866 3225 886 3268 a
907 3202 1082 3287 Pamphilo.
1108 3202 1202 3268 Pam-

194 3322 317 3407 philum
340 3321 490 3388 laudasse
514 3322 656 3388 novimus
681 3323 867 3407 Didymnm,
890 3321 1143 3420 Artemidorum,
1167 3329 1201 3387 el

154 3501 158 3506 .
195 3439 442 3518 Heracleonem3
469 3439 623 3525 Didymus
646 3438 826 3524 usurpabat
848 3437 1117 3525 Lycophronem.”
1151 3437 1198 3518 Ol.

194 3559 316 3644 Proleg.
339 3558 382 3624 ad
402 3557 495 3624 Phot.
510 3581 561 3642 pg.
578 3558 630 3635 66,
646 3557 811 3623 Ruhnken.
828 3559 870 3624 ad
886 3557 1013 3622 Timaei.
1030 3559 1089 3623 lex.
1106 3558 1139 3623 in
1156 3579 1183 3622 v.
1195 3600 1205 3636 ,«

195 3675 355 3756 Schmidt,
379 3677 505 3761 Didymi
528 3676 640 3761 fragm.
663 3698 714 3761 pg.
737 3676 790 3742 46.
815 3674 984 3760 Phryniohi
1007 3674 1112 3740 locum
1131 3675 1200 3740 vide

195 3795 283 3880 apud
313 3795 449 3861 Mainak.
482 3795 568 3861 Gom.
591 3794 632 3860 11.
660 3795 745 3875 594,
769 3794 911 3860 Platonis
934 3793 972 3858 11.
1000 3793 1081 3872 646,
1113 3793 1202 3865 Tela-

195 3913 287 3981 alidis
317 3911 358 3978 Π.
381 3912 465 3993 375,
488 3911 688 3979 Pherecratis
711 3911 751 3979 ΙΙ.
777 3911 851 3977 354.
875 3910 1017 3978 Platonis
1040 3911 1102 3978 loci
1128 3917 1203 3978 sunt

195 4031 313 4097 Timae.
335 4030 379 4096 90
401 4030 445 4109 Β,
470 4029 546 4115 Rep.
569 4030 646 4095 VII:
670 4031 733 4096 521
751 4032 795 4109 Ε,
819 4029 941 4097 Phileb.
965 4032 1008 4097 56
1025 4031 1059 4096 Ε.

239 4147 315 4215 ibid.
339 4148 427 4215 601)
449 4144 483 4213 οἷ
501 4148 721 4228 περισπωμένως
744 4150 855 4229 ἑαυτῷ,
879 4151 915 4219 ὡς
940 4149 1081 4212 ἐνταῦθα·
1105 4146 1201 4224 ν’ξυτί-

196 4293 248 4342 νυς
271 4267 301 4333 δὲ
326 4265 433 4340 οἵτινες.
456 4269 591 4346 σημαίνει
614 4268 643 4333 δὲ
666 4267 715 4331 καί
740 4267 772 4332 τὸ
795 4264 866 4333 ὅποι.
