3154 5074
686 631 727 698 87

196 843 365 921 Πραμνείας
388 840 540 918 οίμτέλου,
565 842 581 917 ἢ
605 843 620 907 ί
643 841 773 920 πραΰνων
795 841 829 906 τὸ
850 840 943 917 μένος.
960 840 1033 912 τινὲς
1048 839 1097 916 δὲ,
1112 837 1211 914 ἐπειδὴ

195 963 227 1026 ἐν
250 958 372 1040 Προίμνρ
395 965 504 1038 πρῶτον
528 958 672 1040 ἐφυτεύθη
696 958 832 1036 ἄμπελος
855 968 892 1039 τῇ
916 960 944 1022 ἕν
969 956 1076 1038 Ἰκοίρῳ.

242 1079 405 1162 Excerpta
428 1099 498 1144 esse
521 1099 539 1143 e
562 1078 671 1160 glossa
686 1077 802 1144 Boethi
823 1082 909 1142 reete
925 1076 1039 1142 statuit
1054 1074 1209 1140 Naberus.
1282 1142 1286 1148 ,

196 1195 237 1262 of.
260 1196 382 1280 Proleg.
407 1198 448 1262 ad
474 1195 565 1262 Phot
588 1218 639 1280 pg.
666 1195 715 1260 15.
744 1195 876 1261 Photius
898 1195 932 1262 in
955 1216 982 1259 v.
1006 1192 1211 1273 Πρνίμνειος

193 1310 264 1379 οίνο
273 1333 303 1386 ς·
324 1315 515 1394 Ἀρίσταρχος
535 1315 680 1390 ἐπιμελῶς
698 1312 749 1378 τὸν
761 1314 828 1389 ἡδὺν
839 1309 908 1378 οἶνον
919 1313 1078 1392 Πράμνειον
1090 1311 1210 1388 ἔλεγεν·

194 1432 269 1504 τινὲς
293 1431 342 1496 τὸν
364 1432 438 1496 ὤνιον
462 1427 532 1496 οίνον
555 1431 571 1506 ἢ
594 1431 788 1512 ταρωμίνιον·
812 1434 885 1503 τινὲς
906 1431 965 1495 ant
982 1429 1211 1509 οίμτέλοοΠρα-

194 1552 300 1630 μνείας
316 1551 539 1633 ὀνομαζομένης·
557 1553 581 1616 ρι’
601 1550 631 1616 δε
652 1552 725 1622 ίδίως
743 1551 790 1616 τὸν
810 1553 947 1628 μέλανα·
970 1551 1032 1617 ἔνιοι
1051 1550 1099 1615 τὸν
1119 1548 1210 1630 πραΰ-

194 1695 282 1737 νοντα
304 1670 336 1735 τὸ
361 1671 462 1746 μένος·
491 1680 591 1748 Σῆμος
616 1672 629 1736 ὂ
654 1673 761 1746 Δήλιος
786 1672 801 1736 ἕ
838 1672 924 1752 τρίτῳ
948 1671 1016 1753 ἔφη
1041 1671 1099 1736 καί
1122 1669 1211 1748 Προί-

193 1813 279 1867 μνον
310 1789 419 1864 πέτραν
444 1785 515 1852 εἶναι
539 1791 597 1869 ao’
621 1786 651 1863 ἧς
676 1788 724 1853 τὸν
747 1770 816 1854 οἶνον
841 1784 923 1854 εἶναι.
959 1789 1022 1854 Pro
1045 1790 1119 1854 ὤνιον
1149 1786 1209 1854 Na-

194 1907 292 1972 berus
316 1907 437 1972 mavult
459 1908 562 1982 μόνων.
588 1905 677 1972 Idem
699 1927 740 1971 ex
761 1913 912 1992 corrupta
929 1907 1055 1974 Codicis
1070 1907 1207 1974 lectione

194 2026 226 2088 ἕν
255 2025 340 2105 τρίτῳ
367 2029 400 2090 ἐν
424 2023 442 2106 ᾖ
463 2026 521 2090 καὶ
545 2027 559 2090 ὁ
582 2025 756 2102 τροίνμων
781 2024 890 2105 πέτραν
915 2025 1024 2102 dedit,
1050 2027 1136 2109 quod
1160 2032 1209 2092 ost

192 2145 230 2208 in
260 2148 365 2223 textu3
396 2149 540 2228 praestat
570 2143 709 2210 fortasse
740 2165 798 2227 pro
830 2147 858 2207 ἐν
891 2141 909 2226 ᾗ
940 2143 989 2208 καί
1013 2145 1026 2207 ί
1049 2144 1154 2228 legere
1178 2145 1207 2208 ἕν

195 2261 318 2342 Ἰνάρω,
343 2263 395 2328 eui
418 2262 525 2328 favent
549 2261 636 2328 Suid.
660 2270 692 2328 et
717 2261 821 2328 Schol.

244 2379 348 2447 Schol.
373 2381 451 2465 Rep.
473 2382 510 2447 Ie
536 2381 600 2446 329
620 2381 648 2446 Β
673 2383 858 2458 ὑμνοῦσιν·
882 2383 948 2446 daal
972 2389 1023 2448 τοῦ
1046 2382 1207 2461 ὀδύρονται,
1284 2443 1286 2448 .

193 2500 365 2578 λοιδοροῦσι,
389 2499 577 2581 μέμφονται,
604 2503 672 2564 κατ’
695 2501 892 2580 εὐφημισμόν.

242 2618 330 2682 Idem
366 2618 516 2684 docemur
547 2617 650 2684 Schol
681 2619 777 2704 Legg.
808 2618 873 2686 IX:
910 2620 1043 2700 8711;
1075 2620 1207 2686 Photius

194 2736 358 2816 convenit,
382 2737 437 2802 nbi
460 2737 512 2803 hio
536 2738 625 2804 locus
649 2759 666 2804 e
690 2737 768 2822 Rep.
791 2739 951 2804 laudatur.

240 2853 317 2920 ibid.
339 2853 408 2921 III:
431 2855 497 2920 405
520 2853 545 2920 G
568 2854 817 2937 λογιζόμενος·
841 2855 1053 2938 στρεφόμενος,
1069 2881 1158 2934 καμτ
1178 2857 1207 2922 ί·

193 2996 295 3050 μενος,
325 2973 386 3036 ant
416 2978 472 3037 τῶν
502 2975 619 3051 λόγων·
650 2973 740 3051 λόγος
770 2975 800 3039 δὲ
830 2977 892 3039 ε’στι
919 2975 1012 3052 <borda
1035 2975 1205 3050 ἱμαντῶδες.
1238 2975 1250 2991 ’

193 3091 267 3163 τινὲς
298 3092 327 3158 δὲ
357 3093 405 3157 καί
437 3092 470 3157 τὸ
496 3089 576 3168 μετὰ
599 3095 737 3172 τιμωρίας
765 3093 935 3175 βασανίζειν
957 3092 1085 3174 λυρίζειν
1108 3095 1204 3176 φασί·

194 3211 244 3276 καί
268 3213 299 3275 αἱ
321 3212 470 3288 μαότινες
493 3207 540 3284 αίς
563 3213 587 3276 οί
609 3212 736 3286 οίίλιρταί
758 3212 919 3278 τύπτονται
935 3213 1019 3291 λύγοι
1035 3220 1203 3290 καλοῦνται.

239 3329 333 3414 Apud
356 3329 503 3396 Photium
525 3330 558 3394 in
581 3331 694 3396 eadem
716 3331 825 3414 glossa
849 3333 1022 3399 laudantur
1042 3331 1094 3396 hio
1113 3331 1204 3398 locus

193 3448 336 3514 Platonis
360 3456 393 3514 et
414 3449 506 3514 nom.
537 3449 573 3515 11.
583 3419 642 3540 Χ,
668 3450 741 3515 105.

238 3565 314 3632 ibid.
344 3565 500 3632 [11:411
529 3566 557 3631 A
587 3567 790 3649 μινυρίζων·
823 3569 939 3648 θρηνῶν,
963 3569 979 3645 ἢ
1004 3571 1096 3647 ἠρέμα
1119 3567 1203 3651 ρ’ίδων.

238 3685 329 3751 Phot.
359 3686 391 3750 in
423 3706 454 3752 v.
485 3685 616 3767 μινυρίζω
648 3686 782 3752 eandem
815 3687 956 3771 glossam
988 3708 1060 3752 cum
1092 3686 1203 3751 eodem

193 3802 264 3868 loeo
287 3802 431 3868 Platonis
456 3803 594 3869 exhibet.

236 3919 311 3987 ibid.
341 3920 406 3986 IV:
437 3922 503 3987 423
534 3920 559 3987 G
585 3928 743 4003 φαῦλον·
772 3923 806 3987 τὸ
831 3923 922 4006 ῥᾴδιον
944 3925 981 3994 ὦς
1006 3927 1063 3988 νῦν.
1088 3920 1203 4002 εὕρηται

191 4041 222 4105 δὲ
252 4051 390 4121 σνμαῖνον
423 4044 472 4107 καί
503 4045 535 4107 τὸ
564 4044 678 4108 doratio
711 4043 760 4106 κοιί
792 4044 935 4124 μοχθηρὸν
959 4045 1008 4108 καὶ
1031 4045 1123 4125 τυχὸν
1153 4045 1203 4109 καί

191 4163 288 4238 μένον·

237 4280 351 4346 Boethi
376 4280 629 4360 adnotationem,
645 4281 729 4346 unde
745 4279 825 4346 haee
841 4287 992 4365 excerpta
1013 4288 1102 4360 sunt,
1121 4280 1204 4348 Pho-
