3154 5074
674 655 717 718 75

187 863 238 933 σὺν
268 859 345 936 λέξιν
375 862 435 927 κτέ.
472 861 552 926 Esse
583 865 690 928 aulem
720 860 781 925 hoc
812 859 924 936 λεξιιιθν
954 860 1092 940 ῥητορικόν
1117 858 1197 924 nihil

187 978 275 1044 aliud
305 1001 402 1062 quam
433 979 538 1046 Photii
570 978 677 1055 λέξεων
707 984 883 1056 σωνωγωγην
914 979 1023 1044 docuit
1052 978 1198 1046 Nabaros

186 1097 309 1182 Prolog.
328 1098 371 1163 ad
389 1097 480 1164 Phot
493 1120 543 1182 pg.
560 1099 622 1164 169
638 1118 726 1181 seqq.
742 1097 832 1162 Prior
843 1098 968 1181 glossae
981 1119 1058 1181 pars
1070 1103 1199 1162 servata

187 1223 235 1280 cet
258 1217 291 1280 in
315 1217 489 1282 Auocdotis
511 1216 712 1283 Baohmanni
733 1217 750 1282 1
772 1239 824 1302 pg.
844 1217 925 1295 180,
945 1217 976 1280 4.
993 1216 1199 1302 cl.Hcsych.‚

186 1335 334 1400 Eustath.
367 1337 409 1402 ad
442 1334 534 1401 Hom.
570 1336 673 1416 1405,
702 1337 762 1415 34,
796 1336 939 1419 Apostol.
967 1335 1117 1402 Proverb.
1146 1336 1199 1401 59.

189 1453 326 1537 Oopioec
347 1455 387 1519 de
408 1454 469 1520 hac
491 1474 566 1519 voco
583 1453 649 1537 ogit
664 1453 833 1519 Ruhnken.
849 1453 891 1520 ad
909 1453 1028 1519 Timaei
1044 1453 1104 1518 lex.
1124 1453 1143 1518 i.
1155 1475 1194 1537 v.‚

186 1571 242 1654 qui
265 1573 351 1638 locos
375 1593 393 1636 c
416 1572 551 1638 Platone
576 1572 712 1657 collegit.
740 1572 844 1638 Locus
867 1573 902 1637 in
921 1573 1031 1656 glossa
1045 1573 1197 1638 laudatus

186 1694 237 1754 est
258 1689 334 1774 lup,
358 1690 416 1756 IV:
439 1691 506 1755 432
522 1691 559 1755 D.
584 1693 630 1756 De
654 1692 791 1768 tributo,
816 1693 903 1775 quod
926 1692 1093 1758 dicebatur
1115 1692 1194 1770 βλω-

186 1808 327 1885 ιιεννθμιον
350 1809 421 1874 vide
444 1809 668 1889 Friedliiudor,
693 1809 979 1895 Sittengeschichte
995 1811 1093 1876 Roma
1111 1811 1127 1874 I
1143 1831 1196 1894 pg.
1218 1826 1226 1846 ·

186 1928 266 2011 346,
299 1929 338 1992 do
369 1929 560 2014 etymologia
591 1929 676 1993 vocis
711 1928 796 2007 βλάξ
819 1929 923 1996 Schol.
946 1928 1041 2014 Gorg.
1065 1929 1131 1994 488
1151 1929 1194 2006 Β,

187 2042 362 2110 Buttmann
386 2043 524 2128 Lexilog.
549 2022 758 2130 1‚211.Il‚
783 2049 857 2114 262.
957 2031 961 2036 ’

232 2160 336 2228 Schol.
370 2163 549 2228 Parmenid.
583 2165 644 2230 127
673 2165 701 2229 Β
735 2161 902 2232 πιιιδικοθ·
932 2167 981 2232 nol
1010 2167 1057 2233 ἐπὶ
1082 2170 1196 2241 θηλειῶν

186 2279 235 2343 nal
260 2279 306 2344 ἐπὶ
331 2283 448 2361 οὶροένων
470 2283 641 2361 έρωμένωνῆ
665 2284 742 2362 λέξις
766 2285 899 2366 εθοηποιι,
923 2289 1004 2352 aar&
1021 2287 1196 2367 μεταφορὰν

186 2397 215 2461 δὲ
246 2401 298 2472 πην
332 2400 391 2464 ἀπὸ
422 2401 528 2464 τούτων
559 2405 608 2464 lat
635 2402 683 2466 ἐπὶ
715 2402 832 2468 πάντων
865 2411 921 2468 τῶν
956 2405 1197 2485 σπουδαζομένων

185 2517 280 2581 πάνυ·
312 2520 348 2589 ῶς
380 2519 429 2582 nal
453 2521 482 2583 ἐν
505 2519 614 2600 Φοιιδρῳ
637 2520 778 2598 λέγεται·
802 2524 1004 2600 έσποθδοικοις,
1028 2521 1049 2589 cl
1070 2524 1193 2607 Φοιῖδρε,

185 2631 227 2699 θπι
248 2659 298 2699 σου
317 2642 373 2700 πῶν
389 2637 532 2701 ’πωιδικῶν
556 2638 765 2717 ε’πελοοβθμην,
787 2644 951 2722 ἐρεσχηλῶν
973 2667 1015 2707 σε.
1039 2644 1101 2718 ἡδὲ
1117 2642 1195 2719 λέξις

185 2755 221 2824 ῶς
242 2753 288 2817 ἐπὶ
310 2755 343 2819 σθ
366 2757 441 2820 πολὺ
464 2754 511 2820 ἐπὶ
536 2763 591 2820 τῶν
613 2758 750 2834 οὶσελγῶς
774 2760 925 2839 ἐρωμένων.

229 2873 257 2937 Α
288 2871 467 2940 Scholiasta
497 2881 648 2960 excerpta
671 2884 745 2942 sunt
769 2899 808 2942 ex
832 2879 928 2945 docta
952 2878 1192 2958 observatione,

186 3010 282 3074 quam
306 3013 323 3056 c
346 2991 470 3057 Boetho
494 2988 637 3060 servasse
663 2994 811 3061 Photium
828 2996 936 3062 docuit
950 2996 1090 3063 Cobetus
1105 2995 1196 3062 Mue-

186 3127 263 3173 moa.
287 3109 349 3190 lX,
374 3131 425 3207 pg.
447 3111 521 3176 429.
545 3110 676 3196 Legitur
693 3113 780 3196 apud
796 3113 946 3179 Photium
963 3113 1128 3179 ποιδικθ·
1147 3115 1193 3178 ἐπὶ

185 3229 299 3302 θηλειῶν
329 3228 378 3292 eal
402 3229 519 3308 οἰομένων
533 3229 684 3310 ‘iporcium
707 3230 852 3297 πῶτπεποιι
877 3235 893 3307 ἡ
916 3231 1012 3310 λέξις·
1036 3233 1196 3312 ποιροιδείγ-

185 3371 273 3422 μοοποι
289 3348 324 3412 ’δέ
346 3354 397 3412 ποθ
420 3347 467 3412 ἐπὶ
491 3347 545 3424 μὲν
568 3355 623 3413 πῶν
647 3349 764 3430 οέορένων
787 3350 949 3417 consolat
964 3354 1052 3438 (ἐστι)
1073 3354 1193 3418 πολλοὶ·
1308 3366 1311 3371 ’

155 3512 161 3526 .
184 3465 234 3529 nal
257 3467 287 3530 ἐν
309 3475 368 3538 τοῖς
391 3468 558 3548 Ἀχιλλέως
582 3468 606 3532 δ’
629 3471 766 3551 §pacratii
789 3471 872 3543 δῆλον
894 3474 931 3544 ῶς
955 3468 1042 3544 οὕτως
1059 3471 1193 3549 ἐξεθληπ-

184 3605 252 3648 ποι·
284 3586 435 3652 ἐπιδόντων
465 3587 524 3666 yolo
554 3611 583 3652 σι
614 3592 670 3652 πῶν
698 3587 835 3670 Σωπθρων
868 3591 908 3661 εἰς
938 3592 990 3665 τὴν
1020 3593 1191 3668 cavariaco

185 3705 353 3783 ε’πιθιιμθνιν,
377 3705 469 3788 φησὶν
492 3707 505 3771 θ
530 3705 640 3784 Φοίνιξ·

363 3831 469 3889 ποιποοῖ
489 3825 529 3890 rol
551 3827 669 3908 παιδίχ’
690 3831 727 3900 ῶς
750 3829 815 3912 ὁρᾷς
839 3830 1007 3903 ararem.

185 3942 233 4005 κοιλ
256 3951 394 4024 Κρισπῖνος
417 3945 606 4018 Ποινθπποιις·
728 4016 730 4021 .

228 4065 322 4133 μισεῖς
346 4059 406 4140 γὰρ
428 4061 484 4130 τοὶς
507 4067 668 4138 corciaco,
693 4063 760 4144 πρὸς
785 4065 908 4131 ποιιδικοδ
931 4065 961 4131 δὲ
984 4066 1081 4148 πρέπει
1105 4075 1163 4136 νῦν.

156 4262 158 4266 ¹
181 4176 252 4241 ‘'Orr
275 4174 304 4240 δὲ
328 4177 447 4243 έκοθλονν
470 4176 557 4252 οὕτως
580 4181 629 4245 cal
653 4181 694 4246 σοὶ
717 4183 786 4261 πρὸς
808 4184 864 4254 πῶς
880 4195 1024 4262 acuatum
1041 4187 1188 4260 Εὔπολις·

184 4297 257 4376 φησὶ
280 4297 339 4374 γὰρ
361 4298 397 4369 ῶς
420 4297 488 4378 πρὸς
512 4299 674 4380 οιθλητρθδοι
696 4324 758 4373 τις·
