3150 5080
710 701 750 763 21

223 908 392 974 dissentire
414 907 498 973 inter
522 928 556 973 se
581 905 792 972 Schmidtium
814 911 847 971 et
867 904 1030 971 Naberum
1047 926 1147 990 supra
1163 903 1236 971 vidi·

150 1022 153 1026 ’
221 1047 308 1105 mus,
341 1026 488 1091 dirimere
520 1047 583 1092 non
611 1047 751 1110 possum.
794 1024 876 1090 Nam
900 1024 1026 1108 glossae
1049 1025 1237 1108 plerumque

221 1147 268 1211 ita
300 1153 506 1229 comparatae
538 1149 629 1228 sunt,
660 1150 697 1210 nt
728 1143 773 1208 nil
805 1145 967 1229 peculiare
995 1143 1152 1220 habeant,
1180 1167 1237 1210 cur

220 1265 305 1330 hano
342 1265 469 1330 illamve
512 1264 704 1330 sententiam
743 1265 843 1347 magis
878 1263 1007 1347 probes.
1054 1263 1235 1329 Nonnullae

221 1389 329 1448 autem
354 1383 485 1448 undevis
509 1383 617 1467 potius
641 1403 740 1466 quam
755 1403 773 1448 e
789 1382 903 1448 Boethi
919 1382 1038 1448 libellis
1055 1382 1087 1446 in
1106 1381 1236 1447 Scholia

221 1501 269 1582 (11
300 1502 334 1566 in
364 1501 528 1587 Photium)
562 1499 709 1580 fluxisse,
740 1523 800 1584 pro
834 1506 921 1567 certo
962 1500 1145 1566 habendum
1178 1507 1235 1566 est.

221 1618 311 1697 Quod
334 1625 372 1686 ut
394 1625 521 1705 pateat,
546 1621 727 1704 exemplum
752 1617 885 1685 afferam
908 1620 940 1683 in
966 1620 1078 1704 paucis
1093 1619 1235 1698 illustre,

220 1757 284 1820 quc
315 1739 380 1803 iam
413 1737 609 1803 Schmidtius
634 1759 709 1802 usus
734 1744 792 1803 est.
839 1737 876 1802 Iu
900 1737 1047 1821 Epistola
1068 1737 1236 1803 Platonica

220 1854 314 1922 VIII:
338 1856 403 1921 353
424 1856 450 1920 E
481 1856 599 1940 legitur
626 1855 741 1933 τέμνειν
765 1855 942 1935 Φάρμακον,
968 1857 1053 1940 quod
1077 1853 1235 1938 significat

220 1975 422 2040 remedium
447 1974 608 2040 afferre.
649 1973 829 2041 Scholiasta
854 1982 961 2040 autem
985 1975 1138 2058 explicat:
1162 1975 1234 2051 πέμ-

220 2118 274 2158 νεον
304 2092 481 2173 Φάρμακον·
516 2095 638 2171 πείάειν,
671 2100 780 2170 τιμάν,
814 2096 965 2172 ἡγεῖσθαι,
996 2096 1032 2166 ὡς
1063 2090 1144 2168 οἶμαι
1175 2100 1233 2158 νῦν.

219 2209 393 2292 Nimirum,
417 2212 522 2296 inquit
545 2211 739 2278 Schmidtius
759 2211 895 2290 Quaest.
920 2214 995 2278 Hes.
1019 2235 1070 2297 pg.
1095 2231 1177 2292 xcv,
1201 2213 1234 2277 in

221 2330 420 2413 Diogeniano
451 2331 529 2415 legit
561 2332 717 2397 aeolicum
740 2331 863 2410 τέμμειν
887 2332 1082 2416 explicatum
1104 2331 1234 2397 vocibus

219 2450 342 2525 πείθειν,
367 2453 473 2533 τιμάν,
501 2452 649 2529 ἡγεῖσθαι,
676 2472 813 2535 quocum
837 2450 919 2516 conf.
942 2449 1117 2526 ἐπενέμετο·
1138 2452 1234 2516 ἐπετί-

219 2593 328 2646 μκσεν,
352 2568 409 2634 sed
432 2571 536 2654 legere
561 2570 622 2634 sibi
648 2571 731 2635 visus
756 2578 805 2635 est
829 2570 950 2646 τέμνειν.
997 2569 1067 2635 Ηο1
1092 2575 1141 2634 111
1163 2569 1233 2634 Pla·

220 2696 328 2754 tonem
352 2690 566 2773 interpretari.
602 2688 802 2772 Quamquam
826 2695 891 2755 tam
916 2690 1058 2772 ineptum
1075 2689 1156 2753 nihil
1171 2695 1233 2766 est,

219 2813 255 2872 ut
287 2829 351 2873 non
381 2808 524 2874 inveniat
553 2808 696 2874 homines
728 2809 919 2892 ineptioreS,
949 2807 1003 2891 qui
1028 2808 1234 2872 admirentur.

219 2926 314 2992 Certe
345 2926 478 2991 Photius
510 2926 593 3003 575,
627 2928 677 2990 12.
708 2927 839 2991 Bachm.
872 2926 983 2991 anecd.
1014 2926 1096 3003 384,
1121 2925 1142 2990 5
1171 2947 1232 2990 non

219 3047 313 3111 modo
345 3046 579 3129 Diogenianum
609 3053 804 3129 recoquunt,
830 3046 1007 3111 sedetiam
1033 3045 1232 3112 scholiorum

219 3165 330 3230 sordes
346 3164 479 3242 τέμνουσι
501 3165 678 3246 Φάρμακον·
698 3172 819 3242 τιμῶσι,
841 3170 987 3244 ἡγοῦνται.
1005 3163 1091 3238 οὕτως
1104 3165 1188 3229 alahor
1201 3191 1234 3230 re

220 3283 270 3346 acl
288 3284 437 3361 Ἱεροκλῆς.
463 3283 577 3367 Itaque
593 3285 655 3349 nisi
667 3307 777 3350 verum
791 3284 989 3350 Scholiastae
1002 3306 1116 3350 nomen
1130 3285 1234 3349 adhuc

219 3397 392 3472 subdatur
408 3403 506 3477 latet,
525 3402 691 3468 Hierocles
709 3404 861 3469 audiebat
877 3404 972 3468 homo
988 3388 1233 3486 ineptissimus.'’

217 3519 289 3584 Hoc
311 3520 408 3604 igitur
430 3520 554 3586 Boetho
579 3520 843 3586 abiudicabimus.
873 3521 1039 3586 Hierocles
1064 3522 1125 3585 iste
1143 3505 1243 3604 quin-⁵

218 3637 309 3720 quies
333 3637 483 3725 aPhotic
500 3639 652 3703 laudatus
668 3643 726 3704 est.
750 3638 796 3705 uf.
814 3638 932 3704 Nabar.
950 3639 1073 3724 Proleg.
1094 3641 1233 3724 pg.127.

217 3753 483 3839 Neoplatonioum
506 3756 608 3822 fuisse
631 3757 774 3822 Platonis
790 3757 1015 3841 interpretem,
1033 3757 1088 3840 qui
1105 3757 1233 3822 saeculo

218 3883 294 3958 post
321 3873 394 3941 Ghr.
422 3874 456 3941 v⁰
479 3877 592 3941 vixerit
616 3882 648 3940 11
672 3877 913 3958 ΦνλοοοΦούμενα
938 3876 1123 3958 scripserit,
1147 3876 1233 3940 haud

219 3996 399 4077 spernenda
422 4009 471 4060 est
494 3995 664 4060 Mettaueri
689 3995 813 4078 opinio,
835 3994 875 4059 l.l.
894 4018 945 4078 pg.
963 3995 1014 4059 98.
1038 3994 1127 4058 Alias
1144 3996 1231 4077 inep-

218 4114 281 4178 tias
295 4115 328 4178 id
345 4135 443 4198 genus
460 4114 530 4179 vide
552 4113 657 4179 Schol.
673 4113 808 4179 Phaedr.
827 4114 930 4178 254ss
953 4110 1071 4189 ὕσπλκξ
1080 4165 1089 4189 ,
1102 4113 1233 4178 Axioch.

219 4232 332 4297 3111]
355 4232 548 4307 ἐναύσασθαι,
572 4232 700 4317 Protag.
725 4232 787 4297 337
811 4234 838 4297 D
863 4239 1041 4313 asperaceler,
1061 4233 1233 4314 dequibus

218 4349 258 4416 cf.
283 4348 435 4415 Schmidt.
459 4349 494 4427 Q.
518 4349 595 4415 Hes.
619 4372 671 4435 pg.
696 4367 900 4429 x011,xcm.
938 4348 1000 4415 Sed
1026 4349 1120 4414 etiam
1146 4349 1234 4414 hisce
