3154 5074
840 639 902 702 100

359 877 446 928 ματα
480 849 509 916 δὲ
542 851 583 916 τὰ
613 851 779 932 βρώματα,
813 849 861 914 καὶ
892 849 925 914 σθ
957 849 1057 916 έσθθειν
1087 846 1213 931 Ἀργεῖοι
1238 849 1368 924 μοιμμοῖν

359 971 477 1052 ἔλεγον·
506 975 539 1039 έιο
562 973 669 1038 τούτων
692 967 738 1037 οὗν
760 973 891 1039 σύνθετον
914 972 927 1036 θ
951 970 1211 1049 βοιττομοθμμοιο,
1237 971 1250 1035 θ
1274 971 1369 1036 ἐσθίον

360 1095 480 1169 εὒθθιοο,
503 1094 540 1164 ὣς
565 1091 614 1158 καὶ
638 1092 840 1168 aeneadum
864 1094 877 1158 d
904 1092 1086 1174 συαοφοθγοε.

406 1211 617 1278 Scholiastam
633 1211 684 1276 hir
697 1213 781 1277 voris
794 1215 929 1290 μαμμῖιν
941 1212 1187 1297 explicationem
1200 1232 1221 1276 a
1232 1211 1370 1288 Boetho,

359 1330 515 1396 Boethum
548 1353 568 1396 a
598 1330 750 1414 Dionysio
775 1332 938 1415 accepisse
962 1337 1056 1415 putat
1078 1329 1224 1396 Naberus
1248 1329 1369 1413 Proleg.

343 1469 412 1532 ⁴pg.
443 1449 502 1520 63,
534 1448 640 1514 adnot.
672 1449 713 1513 od
744 1447 834 1514 Phot.
867 1470 893 1513 r.
917 1451 1061 1526 μαμμᾶν.
1099 1446 1134 1514 Si
1157 1454 1242 1514 recte
1266 1448 1371 1513 omnia

361 1565 560 1650 perpendes,
592 1565 673 1632 nolis
698 1566 834 1632 credere.
880 1564 969 1644 Quae
993 1567 1075 1632 enirn
1101 1565 1233 1632 Photius
1256 1565 1370 1630 habet:

360 1689 536 1760 μαμμοῖν·
561 1687 685 1764 Ἀργεῖοι
702 1685 735 1748 τὸ
753 1685 861 1749 έσθθειν.
880 1681 952 1749 οὔτοι
972 1685 1127 1758 Καλλίας,
1142 1705 1206 1749 non
1220 1683 1370 1748 aBoetho
1431 1765 1434 1774 .
1478 1733 1480 1739 ι

362 1803 499 1886 aoeepit;
525 1824 582 1868 our
604 1804 688 1869 enim
711 1803 765 1868 hio
787 1824 895 1869 vocem
912 1803 1088 1886 explicaret
1104 1803 1189 1887 apud
1208 1802 1371 1868 Platonem

361 1943 520 2007 nusquam
551 1928 778 1987 occurrentem.
814 1919 934 2000 Quodsi
967 1942 1112 2007 oppones
1143 1929 1245 1987 totum
1275 1919 1371 1986 Scho·

362 2041 427 2107 lion
460 2039 574 2105 Boethi
605 2061 694 2118 esse,
725 2061 784 2124 ego
815 2041 943 2124 quidem
966 2041 1027 2107 hoc
1051 2063 1147 2125 nego,
1171 2042 1248 2124 quia
1270 2059 1371 2123 neque

362 2161 429 2226 aius
461 2181 578 2224 morem
611 2159 727 2236 refert,
759 2180 862 2243 neque
894 2160 979 2245 apud
1010 2159 1158 2225 Photinm
1192 2157 1294 2242 (Suid.
1318 2157 1369 2238 ol.)

262 2295 267 2302 ·
361 2279 487 2362 legitur.
521 2277 583 2343 Sed
607 2299 659 2342 res
676 2283 789 2360 aperte
804 2284 861 2344 est.
885 2277 1060 2362 Postquam
1075 2279 1123 2344 vel
1139 2279 1209 2363 ipse
1226 2278 1367 2361 adscrip-

364 2397 405 2461 sit
427 2394 607 2461 Scholiasta
632 2394 678 2461 vel
703 2395 898 2480 adscriptum
921 2397 1041 2461 invenit
1063 2395 1193 2462 Periclis
1209 2395 1292 2462 filios
1309 2394 1370 2459 dic·

363 2520 412 2579 tos
436 2534 505 2578 esse
527 2510 785 2590 βοισσομοέμμαο,
813 2512 875 2578 hoo
898 2511 1087 2579 vocabulum
1111 2534 1151 2578 ex
1174 2511 1369 2596 Diogeniano

366 2655 422 2698 suo
454 2633 682 2716 interpretatus
714 2637 778 2709 est,
809 2632 842 2696 in
876 2631 964 2697 cuius
986 2632 1089 2697 lexico
1113 2631 1270 2715 hodieque
1294 2629 1370 2713 legi-

366 2773 454 2815 mus:
478 2749 625 2827 βλίτοις·
650 2749 699 2813 καὶ
723 2749 888 2826 βλίτουνοις·
911 2750 976 2822 τοὺς
1000 2750 1117 2823 εὐήθεις.

365 2871 567 2946 μοέμμοιτοι·
591 2868 748 2947 βρώματα.

366 2991 537 3064 μαμμᾶν·
562 2988 609 3052 ἔτι
633 2995 685 3062 τῆς
708 2986 842 3061 παιδικῆς
864 2992 973 3068 Φωνῆς.
1002 2987 1109 3051 ε’σθθειν.

409 3105 484 3170 ibid.
513 3107 571 3169 121
597 3103 622 3170 G
649 3104 814 3179 γενέθλια
841 3107 919 3169 έστιν
943 3108 959 3182 ἡ
983 3104 1018 3169 δι’
1038 3106 1167 3170 ἐνιαυτοῦ
1187 3106 1372 3185 ἐπιφοιτῶσιν

365 3231 416 3290 τοῦ
445 3224 597 3303 τεχθέντος
629 3224 727 3300 ἑορτή,
757 3223 904 3299 γενέσια
934 3221 964 3287 δὲ
996 3225 1013 3299 ἦ
1044 3223 1078 3288 δι’
1106 3223 1237 3288 ἐνιαυτοῦ
1261 3223 1373 3303 ἐπιφοι-

366 3348 446 3407 τῶσα
470 3347 521 3406 τοῦ
548 3343 696 3412 τεθνεῶτος
719 3342 829 3416 μνήμη.

412 3460 498 3524 ldem
523 3457 623 3535 suin,
646 3457 774 3524 Baohm.
798 3459 872 3534 lex„
899 3457 1034 3544 Etymol.
1059 3457 1100 3523 M.
1128 3457 1221 3542 Apud
1239 3457 1374 3543 Etymol.

366 3577 409 3644 M.
432 3567 595 3661 praeeedit
618 3576 725 3660 glossa
747 3576 913 3654 γενέθλη·
939 3579 956 3651 ἡ
982 3577 1017 3642 δι’
1040 3577 1170 3641 ἐνιαυτοῦ
1195 3579 1374 3657 ε’τιφοισῶοα

366 3702 416 3761 τοῦ
439 3696 590 3775 τεχθέντος
615 3695 717 3772 doira.
754 3693 847 3760 Unde
870 3694 980 3779 glossa
1001 3693 1148 3779 fluxerit,
1173 3716 1236 3760 non
1256 3693 1373 3779 liquet3

368 3815 439 3881 aliis
469 3813 570 3878 verbis
594 3813 694 3878 utitur
717 3813 930 3897 Diogenianus
954 3811 1007 3899 (of.
1031 3811 1108 3878 Lex.
1133 3812 1251 3878 rhetor.
1275 3809 1374 3878 Behh.

368 3933 450 4008 231,
477 3933 515 3996 17
540 3938 573 3997 et
600 3932 638 3996 19
659 3952 730 3995 eum
746 3929 852 4011 Hes),
870 3951 965 4014 quem
983 3931 1151 3996 Atticistae
1168 3928 1375 3996 adhibebant.

412 4049 487 4115 ibid.
512 4050 575 4113 1523
599 4047 623 4115 G
647 4048 790 4129 πλέθρον
812 4048 842 4114 δέ
862 4051 922 4114 ἔστι
939 4049 1022 4127 Ιμέρος
1038 4047 1119 4114 ἕκτον
1135 4049 1272 4113 σταδίου·
1290 4055 1373 4114 τοῦτο

368 4169 396 4234 δὲ
430 4169 537 4249 πήχεις
560 4167 624 4247 ἔχει
648 4167 862 4246 τετρακοσίους,
887 4163 923 4232 ὧν
947 4167 980 4233 τὸ
1003 4165 1084 4232 ἕκτον
1107 4167 1216 4248 πήχεις
1238 4164 1376 4244 ἐξήκοντα

368 4285 401 4365 ἓξ
422 4288 555 4369 δίμοιρον,
581 4283 597 4351 d
618 4286 679 4351 έοτι
703 4286 735 4351 τὸ
758 4269 885 4364 πλέθρον,
