3150 5080
686 632 726 694 41

206 840 360 917 τέτταρες,
393 838 430 911 ἃς
461 840 624 922 ἐπεμέριζον
654 849 722 912 ταῖς
754 840 879 917 πρώταις
909 838 1075 918 λαχούοαις
1107 861 1217 916 προτα-

205 957 293 1022 νειίειν
320 957 457 1038 τέτταρσι
487 965 621 1040 φυλαῖς·
637 959 703 1024 ’καί
727 963 783 1024 τῶν
806 959 859 1036 μὲν
883 955 1029 1036 τεοοοίραν
1052 962 1161 1036 πρῶτον
1185 955 1216 1036 (l.
1310 995 1313 1000 ·

205 1075 336 1159 πρώταν)
359 1076 469 1150 ἓκοίοτν
493 1073 559 1158 εἶχε
583 1081 636 1150 τίρν
658 1078 833 1156 πρυτανείαν
856 1074 1087 1155 οίταρτιζοροίννν
1109 1075 1150 1146 είς
1170 1071 1216 1144 λς’

205 1193 333 1271 ἡμέρας,
357 1195 388 1257 αί
412 1195 441 1256 δὲ
465 1196 565 1260 λοιπαί
589 1194 622 1270 ἓξ
644 1197 701 1261 νίκα
725 1193 780 1262 λε’.

251 1311 309 1375 His
341 1312 456 1395 glossis
487 1313 637 1379 addenda
668 1320 718 1380 est
751 1313 877 1395 glossa,
910 1332 994 1395 quae
1017 1309 1160 1395 quamvis
1183 1308 1218 1374 in

207 1428 323 1494 Lexico
341 1429 502 1496 rhetorico
518 1431 655 1498 Behhsri
673 1453 736 1497 nou
751 1431 945 1506 inveniatur,
957 1429 1098 1494 eiusdem
1111 1433 1218 1494 tamen
1240 1443 1242 1450 ’

206 1549 334 1630 generis
358 1559 407 1615 est
432 1556 530 1635 atque
553 1549 678 1635 glossae
702 1550 929 1634 praesedentes
946 1548 1120 1630 eodemque
1137 1543 1188 1610 ref
1203 1581 1217 1596 ·

155 1748 158 1754 ,
205 1666 317 1759 nenda.
364 1667 423 1732 Est
447 1675 554 1734 autom
578 1670 674 1735 haec:

251 1783 355 1852 Schol.
386 1787 517 1853 Axiouh.
542 1787 606 1852 368
632 1788 659 1852 D
689 1787 1051 1868 κατεχειροτόνησαν·
1083 1789 1217 1862 κατεψη-

204 1903 342 1982 Φίοαντο.
378 1907 394 1980 ἡ
426 1907 668 1986 καταχειροτονίαν
692 1907 825 1983 ἐγίγνετο
847 1902 945 1975 οὕτως.
969 1903 1071 1979 ἔλεγεν
1095 1901 1108 1965 5
1130 1897 1218 1979 κῆρυξ

204 2018 258 2087 οίον
290 2021 345 2102 ὅτῳ
376 2025 500 2096 Μειδίας
530 2028 608 2090 δοκεῖ
635 2025 760 2102 οίδικεῖν,
785 2025 884 2104 οίροίτω
907 2025 960 2099 τίρν
983 2030 1081 2104 χεῖρα.
1105 2015 1171 2085 εἶτα
1193 2019 1217 2086 οί

205 2139 334 2212 ίίνιοντες
364 2141 501 2218 ἐξέτεινον
531 2145 588 2215 τοὶς
618 2151 740 2225 χεῖρας,
770 2143 818 2208 καί
843 2145 978 2208 ἐκαλεῖτο
1001 2146 1086 2206 τοῦτο
1109 2144 1217 2218 πρῶτον
1269 2219 1280 2232 „

204 2262 456 2341 καταχειροτονία.
480 2259 546 2327 εἶτα
569 2262 659 2328 τοίλιν
683 2265 809 2342 δεύτερον
833 2264 935 2340 ἔλεγεν
963 2262 977 2328 ί
1001 2259 1087 2326 αὐτοι
1111 2255 1217 2337 κῆρυξ·ι

205 2377 261 2460 ὅτῳ
283 2383 325 2455 ni
346 2381 422 2446 δοκεῖ
438 2382 545 2446 οίδικεΐν
566 2383 705 2459 Μειδίας,
725 2383 824 2464 οίροίτοο
841 2383 892 2456 τίρν
912 2387 1001 2461 χεῖρα
1016 2378 1065 2443 καί
1081 2377 1217 2453 ἑξέτεινόν

205 2522 298 2573 τινες,
318 2499 369 2563 καί
393 2501 526 2566 ἐκαλεῖτο
549 2503 779 2582 οίτοχειροτονία.
804 2503 853 2565 καί
873 2499 972 2564 λοιπὸν
992 2499 1098 2578 ἠρίθμει
1115 2495 1217 2565 τοίοας

205 2617 262 2686 τοὶς
285 2624 388 2696 χεῖρας
411 2619 424 2681 5
450 2617 555 2698 κῆρυξ,
579 2626 635 2684 τῶν
658 2645 692 2684 τε
715 2619 853 2700 προτέρων
875 2617 925 2682 καί
946 2611 1217 2696 καταχειροτονοιίν-

206 2759 280 2810 τιον,
310 2743 366 2800 τῶν
398 2762 431 2801 τε
462 2737 582 2820 ὑστέραν
605 2738 654 2804 καί
678 2735 1063 2828 οίτοχειροτονοιίντωνηκαί
1087 2731 1156 2798 ὅταν
1180 2732 1217 2798 ua

207 2848 281 2927 ἦσαν
303 2856 437 2933 πλείονι,
462 2859 572 2921 ἐκείνων
595 2858 644 2922 καί
669 2861 685 2934 ἦ
709 2858 811 2934 γνοίαν
835 2857 957 2936 ἐκροίτει.

251 2971 340 3037 Idem
374 2973 523 3054 Photius,
563 2974 618 3041 ubi
653 2975 801 3041 Naberus
832 2974 981 3040 adnotat:
1021 2971 1081 3036 Est
1110 2969 1218 3052 glossa
1278 3005 1287 3024 a

209 3089 394 3174 Platonica,
428 3094 513 3177 quod
538 3094 666 3160 minime
689 3091 881 3178 putaveris?
927 3074 1073 3173 Minime,
1096 3086 1216 3162 fateor3

208 3211 266 3289 ssd
290 3212 423 3277 omnino
446 3234 509 3278 non
533 3234 665 3280 neeesse
689 3222 739 3278 est
762 3213 845 3278 hanc
861 3214 1002 3296 glossam
1018 3209 1216 3275 Platonicam

210 3349 297 3414 esse,
333 3331 351 3395 i.
384 3353 410 3396 e.
442 3353 460 3396 e
490 3332 613 3398 Boetho
644 3333 828 3408 oriundam3
852 3351 926 3396 nam
951 3326 1217 3414 quemadmodum

210 3469 308 3532 snpra
344 3450 632 3516 demonstravimus
668 3473 732 3517 non
767 3451 874 3514 omnia
910 3447 1127 3532 Diogenianea
1160 3466 1219 3530 per

207 3565 363 3632 Boethum
389 3570 421 3633 in
445 3568 573 3634 Scholia
587 3567 735 3652 fluxisse,
755 3572 799 3634 sic
816 3570 867 3634 hic
884 3589 1011 3651 quoque
1028 3557 1091 3632 non
1109 3565 1216 3638 video,

209 3685 284 3769 quid
310 3685 430 3763 obstet,
456 3690 626 3770 quominus
652 3688 820 3754 credamus
843 3690 915 3770 ipsa
938 3686 1041 3751 lexioa
1056 3686 1219 3750 rhetorica

156 3893 160 3898 Ι
209 3803 352 3888 Dionysii
389 3805 438 3870 vel
472 3806 652 3872 Pausaniae
688 3829 708 3871 a
743 3805 922 3872 Scholiasta
957 3804 1102 3869 adhibita
1137 3825 1217 3870 esse.

209 3921 287 3986 Mihi
311 3931 397 3988 certe
420 3924 528 4008 glossa
553 3926 637 4008 apud
663 3924 810 3991 Photium
833 3933 967 4009 propter
991 3924 1106 3990 lemma
1130 3947 1216 3987 κατε-

207 4043 413 4122 χειροτόνησαν
436 4047 525 4109 αὑτοῦ
549 4045 656 4128 potius
682 4050 827 4127 spectare
850 4045 977 4110 videtur
993 4043 1216 4108 Demosthenis

208 4161 384 4226 orationem
408 4162 442 4226 in
466 4162 597 4226 Midiam
621 4185 651 4245 p.
673 4163 735 4227 577
754 4163 864 4246 itaque
880 4163 921 4227 ad
939 4162 1100 4228 rhetorica
1115 4162 1218 4226 lexica

207 4278 377 4348 referenda
401 4302 488 4360 osse,
514 4303 611 4365 quam
628 4281 714 4348 hunc
729 4281 873 4350 Platonis
889 4281 1013 4360 locum,
1029 4279 1084 4346 uhi
1100 4280 1217 4364 legitur
