3154 5074
848 599 890 664 74

364 803 487 871 Similia
508 811 605 890 atquo
628 805 808 873 Scholiasta
831 806 928 871 habat
952 807 1088 892 Etymol.
1102 807 1142 872 Μ.
1169 807 1243 892 167,
1261 808 1316 872 43.
1333 807 1373 872 ol.

363 923 567 988 Eustathium
590 924 631 989 ad
654 923 744 989 Iliad.
765 924 825 988 148
843 931 941 999 extr,
964 946 1049 1008 quaa
1065 925 1184 992 referat
1205 927 1287 990 κατὰ
1303 927 1371 996 τοὺς

364 1043 519 1114 ταλαίους.
542 1041 623 1109 Vide
650 1063 777 1127 quoquo
801 1043 918 1108 Nabar.
942 1044 1065 1124 Prolog.
1088 1065 1139 1128 pg.
1164 1046 1215 1111 36.
1240 1046 1375 1110 Demos-

362 1159 468 1226 thenis
491 1161 580 1227 loous
603 1163 800 1228 emendatior
824 1163 940 1245 legitur
963 1162 1012 1227 do·
1025 1161 1110 1228 falsa
1135 1164 1230 1246 legat.
1259 1163 1373 1246 §304¹

364 1279 563 1346 Phanocratis
580 1301 728 1346 versuum
744 1281 896 1364 reliquias
912 1302 976 1344 non
992 1281 1074 1346 malo
1090 1281 1249 1347 Moinohio
1265 1281 1373 1347 iudica

364 1396 450 1465 Com.
474 1398 514 1463 11.
531 1399 595 1464 339
611 1400 658 1465 ita
674 1399 807 1482 digessit
822 1398 1015 1465 Runholius:
1035 1407 1113 1478 ,,τοῖς
1130 1401 1199 1466 δέκα
1214 1401 1374 1472 ταλάντοις

364 1517 521 1595 τροστιίείς
541 1514 547 1606 Ι
566 1517 636 1582 ἀλλ’
672 1515 754 1582 ἀττα
786 1515 993 1591 πεντάκοντα.”
1026 1517 1251 1602 Aristophanis
1283 1518 1374 1584 locus

363 1643 413 1700 ast
442 1633 523 1700 Nuh.
555 1635 628 1700 630.
674 1636 722 1700 De
757 1634 880 1701 duobus
912 1636 1030 1700 ultimis
1059 1635 1200 1701 versibus
1232 1635 1273 1700 cf.
1298 1637 1373 1701 Din-

364 1752 443 1818 dort.
476 1753 516 1819 ad
541 1752 701 1837 Aristoph.
726 1752 763 1818 fr.
792 1753 866 1818 499.
902 1752 1074 1836 Aptissima
1104 1753 1272 1820 conferunt
1300 1774 1373 1819 oum

366 1872 472 1956 priora
495 1871 609 1937 horum
634 1892 781 1937 versuum
804 1871 929 1937 initium
952 1870 1373 1956 Thesmophoriaausarum:

358 1989 410 2054 Ὦ
442 1995 517 2069 Ζεῦ,
547 1990 670 2069 χελιδὼν
700 1983 758 2070 ἀραί
785 2012 856 2054 τοτε
888 1991 1074 2080 φανήσεταις
1106 1973 1146 2055 uf.
1169 1989 1306 2072 Intorpr.
1330 1989 1374 2054 ad

365 2107 556 2192 Harpocrat.
580 2110 600 2173 i.
616 2130 642 2174 v.

411 2225 515 2293 Schol.
536 2226 658 2292 Potitio.
683 2226 784 2294 3070
807 2227 987 2304 βλακικά·
1011 2227 1112 2304 silita,
1137 2227 1372 2309 καιρά,ἀνίκτα,

363 2345 423 2410 dard
453 2346 550 2424 ίχίὺος
580 2345 757 2421 καλουμένου
779 2346 908 2423 βλακίς,
940 2347 1034 2422 ὁμοίου
1055 2347 1188 2427 σιλούριρ,
1220 2347 1374 2426 ἀχρνίστου

363 2469 495 2530 τοσοῦτον
524 2466 560 2534 ἀς
591 2463 663 2542 μηδὲ
693 2465 753 2529 κυνί
784 2465 926 2545 βρώσιμον
956 2461 1038 2531 εἶναι.
1068 2466 1092 2530 ol
1124 2465 1153 2528 δὲ
1183 2465 1245 2530 ἀπὸ
1267 2471 1318 2529 τοῦ
1343 2465 1373 2528 ἕν

363 2584 449 2666 Kalaa
473 2585 594 2664 χωρίου,
616 2592 668 2658 τῆς
692 2581 845 2655 Βλακείας.

408 2704 566 2788 Integrius
582 2703 715 2768 servavit
730 2702 810 2768 haec
826 2701 959 2769 Suidas:
979 2703 1122 2780 βλάκα·
1143 2705 1305 2782 αίτιατιιινί,
1323 2705 1373 2769 τὸν
1444 2721 1447 2726 ·

363 2823 446 2896 stlta
465 2821 515 2884 καί
535 2822 660 2896 ἀνόητον.
678 2820 785 2901 είριρται
805 2821 834 2884 δὲ
852 2823 911 2884 ἀπὸ
934 2823 1031 2902 ίχίιίος
1044 2821 1117 2894 τινές
1128 2822 1222 2898 ὁριοίου
1235 2822 1370 2902 stauriaco,

363 2941 513 3020 ἀχρήστου
536 2940 564 3004 δὲ
587 2936 675 3010 οὕτως
697 2941 733 3011 ἀς
757 2939 829 3015 μηδὲ
852 2939 923 3003 κύνα
947 2942 1026 3020 αὐτῷ
1049 2941 1184 3020 χρῆσθαι.
1212 2941 1370 3011 Πολιτείας

363 3057 407 3124 δ’·
439 3057 583 3134 βλακικόν
605 3082 638 3122 τε
663 3058 735 3143 (leg.
759 3060 808 3142 γε)
831 3059 910 3134 ἡμῶν
933 3058 966 3122 τὸ
989 3059 1089 3130 τιάέος.
1113 3061 1149 3130 ὡς
1172 3060 1196 3123 εί
1218 3058 1300 3135 λέγοι
1323 3083 1369 3130 τις

364 3178 550 3257 τνευμονίαν,
573 3177 705 3242 ἀπὸτοῦ
728 3178 887 3241 θαλαττίου
909 3175 978 3259 ζῴου
1002 3176 1079 3250 ὄντος
1102 3179 1282 3252 ἀναισίνίτου.
1301 3175 1371 3243 ola}

363 3297 423 3360 ἀπὸ
453 3302 503 3362 τοῦ
535 3297 602 3378 πρὸς
629 3307 666 3378 τῇ
689 3297 775 3378 Κιίριρ
798 3296 920 3376 χωρίου,
944 3305 996 3371 τῆς
1020 3297 1183 3376 Βλακείας,
1206 3292 1239 3360 οὗ
1261 3321 1371 3372 araas·

364 3413 435 3479 νεύει
469 3415 517 3479 καί
553 3416 763 3495 Ἀριστοτέλεις.
797 3414 846 3478 καί
877 3416 905 3478 ἒν
935 3399 1140 3496 Ἀλεξανδρείᾳ
1170 3415 1198 3478 δὲ
1235 3415 1319 3486 τέλος
1343 3440 1371 3480 τι

363 3534 587 3611 βλακευνέραου,
612 3532 625 3598 ὃ
648 3536 672 3598 οἱ
695 3534 866 3615 ἀστρολόγοι
890 3541 1018 3612 τελοῦσι,
1044 3533 1091 3599 aaa
1113 3535 1146 3598 τὸ
1169 3534 1236 3606 τοὺς
1259 3535 1368 3614 μωροὺς

364 3653 477 3717 είσιέναι
502 3654 569 3733 πρὸς
593 3651 708 3724 αὐτούς.

409 3769 556 3837 Glossam
590 3770 788 3836 Platonicam
821 3771 943 3837 Boetho
982 3772 1051 3835 iuro
1084 3771 1196 3836 tribuit
1230 3769 1371 3836 Oobotus

327 3960 330 3964 ,
364 3890 478 3955 Mnom.
510 3889 564 3954 IX.
595 3911 625 3973 p.
648 3891 722 3954 431.
757 3889 922 3954 Boothum-
938 3889 1085 3955 adhibuit
1108 3888 1259 3963 Photius‚
1284 3889 1369 3952 undo
1463 3869 1465 3874 ⁵

365 4007 481 4074 Suidas
505 4009 642 4092 glossam
668 4009 809 4092 accepit,
832 4010 919 4092 quod
942 4006 1142 4075 confirmabit
1166 4005 1301 4092 Etymol.
1326 4006 1368 4071 Μ.

368 4127 449 4208 199,
473 4127 511 4205 5,
534 4127 588 4209 qui
613 4126 724 4192 eadem
748 4133 845 4210 atquo
869 4126 983 4192 Suidas
1006 4125 1105 4193 tradit
1126 4146 1166 4190 ox
1180 4125 1283 4191 laxioo
1298 4125 1384 4191 rho·

364 4247 481 4314 turico:
514 4249 554 4318 είς
586 4245 615 4310 δὲ
645 4246 678 4311 τὸ
710 4244 821 4322 λεξικὸν
844 4248 876 4310 τὸ
900 4244 1039 4328 ῥητορικὸν
1063 4241 1140 4325 εὗρον
1164 4245 1222 4322 ἐγὼ
1246 4244 1370 4323 είρῆσίοιι
