3150 5080
673 659 714 726 27

188 870 275 947 ματώ
305 897 371 936 τινα
402 872 451 937 καὶ
483 871 628 951 Περσικοὶ,
659 865 698 942 οἶς
721 870 786 934 ώντὶ
811 867 941 933 ώσντιθων
964 869 1099 966 ἐχρῶντο.
1124 865 1147 930 οἱ
1173 864 1202 929 δὲ

188 991 277 1070 γε’ρρα
300 993 356 1062 τὰς
379 991 488 1065 σκηνώς
512 997 608 1070 φασι,
632 988 683 1054 καθ
707 986 894 1070 γερροφόροιις
918 986 983 1055 τοὺς
1007 987 1048 1052 τοὶ
1068 984 1202 1063 εἷρημένοι

188 1109 342 1190 φέροντας.

235 1229 376 1294 Priorem
400 1228 518 1294 Scholii
542 1234 668 1312 partem
693 1226 809 1294 Suidas
833 1226 875 1291 ed
898 1224 1032 1290 verbum
1055 1222 1202 1300 exhibet,

190 1347 367 1432 Hesychius
402 1347 497 1414 haec:
533 1347 659 1428 γέρρα·
690 1347 731 1410 τοὶ
762 1345 968 1420 σκετώσματα
996 1341 1098 1408 πώντα
1122 1341 1138 1417 ή
1162 1342 1203 1406 τοὶ

190 1467 349 1544 δερμοθτινοι
381 1465 598 1542 σκεπάσματα.
635 1463 712 1530 Cum
747 1463 888 1529 secunda
918 1463 942 1527 oi
974 1461 1004 1526 δὲ
1031 1461 1119 1542 γέρρα
1141 1459 1209 1549 ιιτὲι

190 1585 272 1652 oonf.
296 1586 371 1651 Hes.
393 1587 521 1664 γέρρα·
545 1585 601 1658 τὰς
625 1584 733 1659 σκηνώς
756 1589 789 1648 et
808 1583 965 1667 Harpocr.
984 1581 1058 1646 inv.
1075 1577 1203 1645 Intelle-

190 1705 276 1788 gitur
299 1703 547 1783 DemostheneS,
566 1703 622 1787 qui
642 1703 688 1768 sie
706 1703 786 1767 dixit
797 1723 856 1786 pro
869 1700 1077 1785 Ctesiphonte
1093 1704 1113 1782 ξ
1130 1699 1201 1764 169.

237 1822 342 1888 Schol.
365 1821 467 1888 Aloib.
489 1824 526 1888 I:
553 1824 616 1887 122
638 1821 665 1886 D
689 1819 843 1892 Εἵλωτες
863 1821 946 1901 παρὰ
966 1818 1204 1894 Λακεδαιμονίοις

189 1942 214 2006 οἱ
246 1941 314 2006 νθθοι
349 1941 399 2004 καὶ
435 1941 468 2017 ἐξ
502 1941 704 2020 αἰχμαλώτων
740 1940 832 2007 δοῦλοι
863 1939 1028 2016 γενόμενοι,
1062 1936 1121 2001 ἀπὸ
1153 1941 1204 2001 τοῦ

186 2058 310 2136 Ἕλους,
334 2060 444 2132 σθλεως
469 2061 497 2123 ἕν
521 2061 745 2136 Πελοποννήσῳ·

391 2180 440 2243 καὶ
465 2180 591 2243 Πτελεὸν
615 2178 664 2242 καὶ
690 2178 779 2249 Ἕλος
802 2177 851 2242 καὶ
877 2177 980 2259 Δώριον

189 2297 279 2378 φησιν
301 2297 442 2376 Ὅμηρος.
467 2297 517 2360 καὶ
542 2297 712 2370 εἱλωτεθαή
737 2296 861 2360 δουλεία.

236 2388 324 2481 Idem
349 2414 484 2493 Sumere,
509 2415 593 2498 apud
618 2435 713 2498 quem
736 2412 867 2479 Homeri
887 2414 975 2478 locus
996 2413 1045 2496 (Il.
1061 2412 1107 2478 B:
1123 2412 1204 2498 594)

193 2532 290 2598 deest.
314 2532 451 2617 Hesyeh.
476 2533 590 2608 habet:
614 2531 786 2604 Εἵλωτες·
811 2534 834 2596 οἱ
860 2533 1082 2609 Λακεδαιμόνιοι
1100 2532 1204 2597 δοῦλοι.

192 2653 217 2715 οἱ
249 2652 331 2730 σωροὶ
362 2654 483 2718 Λώκωσι
514 2653 703 2723 δουλεύοντες.
746 2650 868 2718 Similia
900 2653 1050 2737 leguntur
1079 2651 1112 2716 in
1143 2651 1205 2716 lex.

191 2770 273 2836 rhet.
297 2769 396 2834 Bekk.
421 2771 504 2849 246,
530 2771 592 2836 16:
616 2768 791 2862 Εἵλωτες·
816 2771 841 2834 οἱ
865 2771 956 2835 δοῦλοι
979 2776 1034 2834 τών
1057 2769 1206 2837 Λακεδαι-

191 2893 304 2967 μονίων.
328 2891 489 2965 ἐκλήθησαν
513 2892 542 2954 δὲ
565 2888 671 2967 οὕτως,
697 2891 793 2962 ἐπειδή
814 2891 978 2965 ἡττήθησαν
1000 2895 1108 2969 πρώτον
1125 2890 1152 2954 ἕν
1165 2892 1205 2969 τῷ

188 3006 272 3074 “Erec
303 3009 352 3073 καὶ
386 3009 593 3086 ἐδουλώθησαν,
629 3030 712 3094 quae
742 3010 905 3094 Boysenus
934 3031 983 3094 pg.
1008 3009 1049 3073 47
1075 3015 1206 3093 propter

192 3129 306 3194 seriem
335 3129 516 3203 verborum,
549 3129 583 3193 in
607 3150 671 3212 qua
694 3130 851 3212 leguntur,
876 3130 918 3194 ad
940 3129 1064 3194 Aelium
1090 3127 1205 3212 Diony-

192 3247 274 3312 sium
302 3247 408 3312 refert.
438 3248 610 3332 Dionysius
634 3255 741 3313 autem
765 3248 940 3313 adhibebat
962 3247 1205 3328 Diogenianum.

238 3363 342 3430 Schol.
373 3365 491 3431 Timeo.
516 3366 605 3431 8413
633 3367 886 3447 σφακελίσαν·
910 3363 1116 3447 σφακελισμθς
1144 3369 1206 3431 ἐστι

190 3489 280 3563 σῆψις
311 3489 434 3562 μυελοῦ,
466 3485 516 3548 καὶ
546 3487 696 3567 σφώκελος
721 3489 737 3562 ή
765 3488 846 3564 μετοὶ
869 3491 1010 3563 σπασμοῦ
1035 3495 1087 3560 τῆς
1110 3493 1204 3564 χολής
1303 3483 1306 3490 ’

191 3603 314 3681 ντρθεσις.
341 3604 354 3666 ὁ
377 3603 406 3665 δὲ
429 3603 567 3679 σπασμὸς
592 3601 673 3676 οὗτος
699 3607 779 3692 μετὰ
803 3613 988 3686 φλεγμονῆς.
1011 3604 1099 3684 ἰατροὶ
1112 3603 1205 3676 δὲτήν

191 3723 336 3798 μελανίαν
367 3723 383 3798 ή
416 3724 467 3796 τήν
498 3723 627 3803 σφοδρθιν
659 3723 769 3799 θδθνην,
804 3724 867 3788 ἔνιοι
896 3723 926 3788 δὲ
948 3724 999 3796 τήν
1022 3729 1078 3787 τών
1101 3725 1205 3788 θστέων

191 3847 290 3921 σήψιν.
315 3843 437 3917 λέγεται
462 3842 491 3906 δὲ
515 3842 564 3905 καὶ
590 3843 602 3905 o‘
627 3842 769 3922 σφυγμὸς
790 3841 872 3906 καὶὸ
898 3842 1030 3916 σιαλμθς.
1053 3840 1204 3906 ἀλλὰκαὶ

191 3960 205 4023 ὁ
228 3958 315 4035 μέσος
337 3969 390 4034 τῆς
413 3960 509 4040 χειρὸς
532 3961 685 4033 δώκτιιλος.

237 4077 359 4143 Similia
381 4079 523 4144 Photius.
558 4080 752 4164 Utrumque,
783 4079 875 4145 Phot.
900 4084 933 4144 et
956 4079 1077 4157 schol„
1101 4080 1204 4163 ipsum

191 4197 424 4281 Diogenienum
450 4197 586 4282 adiisse,
611 4199 805 4264 contendere
822 4198 933 4263 ausim.
956 4197 1036 4263 Vide
1052 4196 1205 4283 Hosyoh.:

192 4313 399 4396 σφακελισμὸς
432 4317 491 4394 γθιρ
521 4314 573 4380 καὶ
606 4317 756 4398 σφώκελος
789 4320 805 4391 ή
836 4315 960 4397 ἄμετρος
990 4316 1088 4390 otton·
1116 4314 1166 4380 καὶ
1190 4320 1206 4392 ή
