<?xml version="1.0" encoding="UTF-8"?>
<!DOCTYPE html PUBLIC "-//W3C//DTD XHTML 1.0 Transitional//EN"
    "http://www.w3.org/TR/xhtml1/DTD/xhtml1-transitional.dtd">
<html xmlns="http://www.w3.org/1999/xhtml" xml:lang="en" lang="en">
 <head>
  <title>
</title>
<meta http-equiv="Content-Type" content="text/html;charset=utf-8" />
  <meta name='ocr-system' content='tesseract 3.04.00' />
  <meta name='ocr-capabilities' content='ocr_page ocr_carea ocr_par ocr_line ocrx_word'/>
</head>
<body>
  <div class='ocr_page' id='page_1' title='image "./dissertatiolitt00wolfgoog_0050.png"; bbox 0 0 3150 5080; ppageno 0'>
   <div class='ocr_carea' id='block_1_1' title="bbox 850 637 892 701">
    <p class='ocr_par' dir='ltr' id='par_1_1' title="bbox 850 637 892 701">
     <span class='ocr_line' id='line_1_1' title="bbox 850 637 892 701; baseline -0.048 0"><span class='ocrx_word' id='word_1_1' title='bbox 850 637 892 701; x_wconf 86' lang='grc'><strong><em>38</em></strong></span> 
     </span>
    </p>
   </div>
   <div class='ocr_carea' id='block_1_2' title="bbox 368 825 1385 1872">
    <p class='ocr_par' dir='ltr' id='par_1_2' title="bbox 368 825 1380 1043">
     <span class='ocr_line' id='line_1_2' title="bbox 411 825 1380 928; baseline 0 -20"><span class='ocrx_word' id='word_1_2' title='bbox 411 841 515 909; x_wconf 82' lang='lat' dir='ltr'>Schol.</span> <span class='ocrx_word' id='word_1_3' title='bbox 547 825 862 928; x_wconf 75' lang='lat' dir='ltr'>Legg.ll1:93713</span> <span class='ocrx_word' id='word_1_4' title='bbox 893 843 1093 924; x_wconf 80' lang='grc' dir='ltr'><strong><em>έπέοκηφές</em></strong></span> <span class='ocrx_word' id='word_1_5' title='bbox 1127 845 1189 909; x_wconf 80' lang='grc' dir='ltr'><strong><em>ἐστι</em></strong></span> <span class='ocrx_word' id='word_1_6' title='bbox 1213 845 1275 920; x_wconf 89' lang='grc' dir='ltr'><strong><em>δι’κη</em></strong></span> <span class='ocrx_word' id='word_1_7' title='bbox 1300 847 1380 908; x_wconf 87' lang='grc' dir='ltr'><strong><em>κατά</em></strong></span> 
     </span>
     <span class='ocr_line' id='line_1_3' title="bbox 368 962 791 1043; baseline 0 -17"><span class='ocrx_word' id='word_1_8' title='bbox 368 969 423 1028; x_wconf 83' lang='grc' dir='ltr'><strong><em>τῶν</em></strong></span> <span class='ocrx_word' id='word_1_9' title='bbox 447 962 791 1043; x_wconf 79' lang='grc' dir='ltr'><strong><em>φενδομαρτνρηοάντων.</em></strong></span> 
     </span>
    </p>

    <p class='ocr_par' dir='ltr' id='par_1_3' title="bbox 414 1079 1379 1161">
     <span class='ocr_line' id='line_1_4' title="bbox 414 1079 1379 1161; baseline 0.002 -14"><span class='ocrx_word' id='word_1_10' title='bbox 414 1081 501 1149; x_wconf 85' lang='lat' dir='ltr'><strong>Idem</strong></span> <span class='ocrx_word' id='word_1_11' title='bbox 527 1079 662 1160; x_wconf 75' lang='lat' dir='ltr'>Suida83</span> <span class='ocrx_word' id='word_1_12' title='bbox 686 1080 785 1146; x_wconf 82' lang='lat' dir='ltr'>Bekk.</span> <span class='ocrx_word' id='word_1_13' title='bbox 809 1081 871 1148; x_wconf 84' lang='lat' dir='ltr'>lex.</span> <span class='ocrx_word' id='word_1_14' title='bbox 895 1081 974 1146; x_wconf 87' lang='lat' dir='ltr'>rhet.</span> <span class='ocrx_word' id='word_1_15' title='bbox 998 1083 1091 1156; x_wconf 75' lang='grc' dir='ltr'><strong><em>φένδή</em></strong></span> <span class='ocrx_word' id='word_1_16' title='bbox 1108 1084 1379 1161; x_wconf 74' lang='grc' dir='ltr'><strong><em>μεμαρτυρηκότων.</em></strong></span> 
     </span>
    </p>

    <p class='ocr_par' dir='ltr' id='par_1_4' title="bbox 368 1199 1385 1872">
     <span class='ocr_line' id='line_1_5' title="bbox 412 1199 1380 1287; baseline 0.001 -22"><span class='ocrx_word' id='word_1_17' title='bbox 412 1199 646 1267; x_wconf 77' lang='lat' dir='ltr'>ibid.ll1:921</span> <span class='ocrx_word' id='word_1_18' title='bbox 670 1201 699 1266; x_wconf 90' lang='lat' dir='ltr'>D</span> <span class='ocrx_word' id='word_1_19' title='bbox 722 1201 850 1274; x_wconf 78' lang='grc' dir='ltr'><strong><em>ἔτριβε·</em></strong></span> <span class='ocrx_word' id='word_1_20' title='bbox 941 1200 1023 1266; x_wconf 55' lang='grc' dir='ltr'><strong><em>ΙιθιιΧ</em></strong></span> <span class='ocrx_word' id='word_1_21' title='bbox 1052 1201 1133 1268; x_wconf 86' lang='lat' dir='ltr'>rhet.</span> <span class='ocrx_word' id='word_1_22' title='bbox 1167 1201 1266 1268; x_wconf 82' lang='lat' dir='ltr'>Bekk.</span> <span class='ocrx_word' id='word_1_23' title='bbox 1298 1201 1380 1287; x_wconf 81' lang='lat'>255,</span> 
     </span>
     <span class='ocr_line' id='line_1_6' title="bbox 368 1315 1381 1396; baseline 0.002 -13"><span class='ocrx_word' id='word_1_24' title='bbox 368 1320 405 1383; x_wconf 84' lang='grc' dir='ltr'><strong><em>λέ</em></strong></span> <span class='ocrx_word' id='word_1_25' title='bbox 410 1318 520 1384; x_wconf 74' lang='grc' dir='ltr'><strong><em>αέοτὶν</em></strong></span> <span class='ocrx_word' id='word_1_26' title='bbox 532 1315 673 1395; x_wconf 82' lang='grc' dir='ltr'><strong><em>έπιτέμιύν</em></strong></span> <span class='ocrx_word' id='word_1_27' title='bbox 684 1343 713 1382; x_wconf 93' lang='grc' dir='ltr'><strong><em>τι</em></strong></span> <span class='ocrx_word' id='word_1_28' title='bbox 721 1317 853 1383; x_wconf 84' lang='grc' dir='ltr'><strong><em>τουτέστι</em></strong></span> <span class='ocrx_word' id='word_1_29' title='bbox 899 1318 942 1383; x_wconf 82' lang='grc'><strong><em>29</em></strong></span> <span class='ocrx_word' id='word_1_30' title='bbox 967 1318 1128 1394; x_wconf 80' lang='grc' dir='ltr'><strong><em>έπαβελέ</em></strong></span> <span class='ocrx_word' id='word_1_31' title='bbox 1133 1339 1170 1383; x_wconf 90' lang='grc' dir='ltr'><strong><em>α·</em></strong></span> <span class='ocrx_word' id='word_1_32' title='bbox 1192 1320 1335 1396; x_wconf 83' lang='grc' dir='ltr'><strong><em>έπιτέμιύν</em></strong></span> <span class='ocrx_word' id='word_1_33' title='bbox 1353 1345 1381 1385; x_wconf 91' lang='grc' dir='ltr'><strong><em>τι</em></strong></span> 
     </span>
     <span class='ocr_line' id='line_1_7' title="bbox 368 1436 1381 1519; baseline 0.002 -18"><span class='ocrx_word' id='word_1_34' title='bbox 368 1443 428 1508; x_wconf 79' lang='grc' dir='ltr'><strong><em>τοῖς</em></strong></span> <span class='ocrx_word' id='word_1_35' title='bbox 444 1437 570 1502; x_wconf 76' lang='grc' dir='ltr'><strong><em>διώκοντι</em></strong></span> <span class='ocrx_word' id='word_1_36' title='bbox 586 1437 773 1517; x_wconf 73' lang='grc' dir='ltr'><strong><em>χρηματικήν</em></strong></span> <span class='ocrx_word' id='word_1_37' title='bbox 789 1459 856 1500; x_wconf 84' lang='grc' dir='ltr'><strong><em>τινα</em></strong></span> <span class='ocrx_word' id='word_1_38' title='bbox 900 1436 987 1501; x_wconf 79' lang='grc' dir='ltr'><strong><em>τοῦτό</em></strong></span> <span class='ocrx_word' id='word_1_39' title='bbox 1009 1437 1070 1501; x_wconf 85' lang='grc' dir='ltr'><strong><em>έντι</em></strong></span> <span class='ocrx_word' id='word_1_40' title='bbox 1090 1445 1149 1509; x_wconf 79' lang='grc' dir='ltr'><strong><em>τοῖς</em></strong></span> <span class='ocrx_word' id='word_1_41' title='bbox 1165 1438 1290 1503; x_wconf 80' lang='grc' dir='ltr'><strong><em>διώκουσι</em></strong></span> <span class='ocrx_word' id='word_1_42' title='bbox 1309 1461 1381 1519; x_wconf 82' lang='grc' dir='ltr'><strong><em>χρη-</em></strong></span> 
     </span>
     <span class='ocr_line' id='line_1_8' title="bbox 368 1548 1382 1634; baseline 0.001 -15"><span class='ocrx_word' id='word_1_43' title='bbox 368 1553 461 1631; x_wconf 83' lang='grc' dir='ltr'><strong><em>δέιςην,</em></strong></span> <span class='ocrx_word' id='word_1_44' title='bbox 488 1555 538 1619; x_wconf 82' lang='grc' dir='ltr'><strong><em>έάν</em></strong></span> <span class='ocrx_word' id='word_1_45' title='bbox 561 1557 603 1631; x_wconf 84' lang='grc' dir='ltr'><strong><em>μή</em></strong></span> <span class='ocrx_word' id='word_1_46' title='bbox 627 1552 738 1618; x_wconf 80' lang='grc' dir='ltr'><strong><em>ἕλωσιν.</em></strong></span> <span class='ocrx_word' id='word_1_47' title='bbox 768 1548 801 1628; x_wconf 78' lang='grc' dir='ltr'><strong><em>ἦν</em></strong></span> <span class='ocrx_word' id='word_1_48' title='bbox 826 1553 856 1617; x_wconf 78' lang='grc' dir='ltr'><strong><em>δέ</em></strong></span> <span class='ocrx_word' id='word_1_49' title='bbox 902 1555 1032 1631; x_wconf 90' lang='grc' dir='ltr'><strong><em>ματικήν</em></strong></span> <span class='ocrx_word' id='word_1_50' title='bbox 1063 1579 1130 1620; x_wconf 87' lang='grc' dir='ltr'><strong><em>τινα</em></strong></span> <span class='ocrx_word' id='word_1_51' title='bbox 1160 1556 1256 1634; x_wconf 82' lang='grc' dir='ltr'><strong><em>δίκην,</em></strong></span> <span class='ocrx_word' id='word_1_52' title='bbox 1281 1555 1318 1622; x_wconf 77' lang='grc' dir='ltr'><strong><em>ἂν</em></strong></span> <span class='ocrx_word' id='word_1_53' title='bbox 1340 1558 1382 1634; x_wconf 84' lang='grc' dir='ltr'><strong><em>μή</em></strong></span> 
     </span>
     <span class='ocr_line' id='line_1_9' title="bbox 368 1669 1383 1752; baseline 0 -12"><span class='ocrx_word' id='word_1_54' title='bbox 368 1679 453 1740; x_wconf 84' lang='grc' dir='ltr'><strong><em>τοῦτο</em></strong></span> <span class='ocrx_word' id='word_1_55' title='bbox 479 1669 560 1739; x_wconf 75' lang='grc' dir='ltr'><strong><em>ἕκτον</em></strong></span> <span class='ocrx_word' id='word_1_56' title='bbox 585 1673 667 1752; x_wconf 87' lang='grc' dir='ltr'><strong><em>μέρος</em></strong></span> <span class='ocrx_word' id='word_1_57' title='bbox 693 1677 744 1737; x_wconf 82' lang='grc' dir='ltr'><strong><em>τοῦ</em></strong></span> <span class='ocrx_word' id='word_1_58' title='bbox 767 1673 854 1749; x_wconf 87' lang='grc' dir='ltr'><strong><em>τιμή·</em></strong></span> <span class='ocrx_word' id='word_1_59' title='bbox 900 1670 1013 1739; x_wconf 85' lang='grc' dir='ltr'><strong><em>έλιοοιν.</em></strong></span> <span class='ocrx_word' id='word_1_60' title='bbox 1039 1670 1071 1750; x_wconf 84' lang='grc' dir='ltr'><strong><em>ήν</em></strong></span> <span class='ocrx_word' id='word_1_61' title='bbox 1096 1674 1125 1738; x_wconf 79' lang='grc' dir='ltr'><strong><em>δέ</em></strong></span> <span class='ocrx_word' id='word_1_62' title='bbox 1149 1681 1234 1740; x_wconf 78' lang='grc' dir='ltr'><strong><em>τοῦτο</em></strong></span> <span class='ocrx_word' id='word_1_63' title='bbox 1249 1680 1283 1740; x_wconf 79' lang='grc' dir='ltr'><strong><em>τὸ</em></strong></span> <span class='ocrx_word' id='word_1_64' title='bbox 1303 1672 1383 1740; x_wconf 84' lang='grc' dir='ltr'><strong><em>έκτον</em></strong></span> 
     </span>
     <span class='ocr_line' id='line_1_10' title="bbox 369 1787 1385 1872; baseline -0.002 -15"><span class='ocrx_word' id='word_1_65' title='bbox 369 1815 483 1870; x_wconf 83' lang='grc' dir='ltr'><strong><em>ματος,</em></strong></span> <span class='ocrx_word' id='word_1_66' title='bbox 516 1787 549 1857; x_wconf 84' lang='grc' dir='ltr'><strong><em>ού</em></strong></span> <span class='ocrx_word' id='word_1_67' title='bbox 578 1789 779 1872; x_wconf 70' lang='grc' dir='ltr'><strong><em>ἐπεδικάζοντο</em></strong></span> <span class='ocrx_word' id='word_1_68' title='bbox 801 1790 851 1855; x_wconf 77' lang='grc' dir='ltr'><strong><em>καὶ</em></strong></span> <span class='ocrx_word' id='word_1_69' title='bbox 899 1789 987 1871; x_wconf 88' lang='grc' dir='ltr'><strong><em>μέρος</em></strong></span> <span class='ocrx_word' id='word_1_70' title='bbox 1003 1798 1055 1857; x_wconf 81' lang='grc' dir='ltr'><strong><em>τοῦ</em></strong></span> <span class='ocrx_word' id='word_1_71' title='bbox 1071 1793 1254 1867; x_wconf 83' lang='grc' dir='ltr'><strong><em>τιμήματος,</em></strong></span> <span class='ocrx_word' id='word_1_72' title='bbox 1271 1787 1305 1856; x_wconf 84' lang='grc' dir='ltr'><strong><em>ού</em></strong></span> <span class='ocrx_word' id='word_1_73' title='bbox 1316 1794 1385 1856; x_wconf 85' lang='grc' dir='ltr'><strong><em>ἕτε-</em></strong></span> 
     </span>
    </p>
   </div>
   <div class='ocr_carea' id='block_1_3' title="bbox 370 1907 1383 2000">
    <p class='ocr_par' dir='ltr' id='par_1_5' title="bbox 370 1907 1383 2000">
     <span class='ocr_line' id='line_1_11' title="bbox 370 1907 1383 2000; baseline -0.001 -23"><span class='ocrx_word' id='word_1_74' title='bbox 370 1909 571 1992; x_wconf 82' lang='grc' dir='ltr'><strong><em>ένεγράφοντο.</em></strong></span> <span class='ocrx_word' id='word_1_75' title='bbox 593 1911 642 1974; x_wconf 73' lang='grc' dir='ltr'><strong><em>καὶ</em></strong></span> <span class='ocrx_word' id='word_1_76' title='bbox 662 1911 796 1975; x_wconf 83' lang='grc' dir='ltr'><strong><em>ἐκαλεῖτο</em></strong></span> <span class='ocrx_word' id='word_1_77' title='bbox 808 1907 854 1976; x_wconf 86' lang='grc' dir='ltr'><strong><em>ού·</em></strong></span> <span class='ocrx_word' id='word_1_78' title='bbox 899 1911 1054 1991; x_wconf 85' lang='grc' dir='ltr'><strong><em>γράφοντα</em></strong></span> <span class='ocrx_word' id='word_1_79' title='bbox 1080 1911 1129 1974; x_wconf 72' lang='grc' dir='ltr'><strong><em>καὶ</em></strong></span> <span class='ocrx_word' id='word_1_80' title='bbox 1146 1910 1320 2000; x_wconf 79' lang='grc' dir='ltr'><strong><em>ἐδικάζοντο,</em></strong></span> <span class='ocrx_word' id='word_1_81' title='bbox 1332 1911 1383 1976; x_wconf 76' lang='grc' dir='ltr'><strong><em>καὶ</em></strong></span> 
     </span>
    </p>
   </div>
   <div class='ocr_carea' id='block_1_4' title="bbox 369 2027 1386 4251">
    <p class='ocr_par' dir='ltr' id='par_1_6' title="bbox 369 2027 1385 2700">
     <span class='ocr_line' id='line_1_12' title="bbox 369 2027 1383 2112; baseline -0.001 -18"><span class='ocrx_word' id='word_1_82' title='bbox 369 2056 440 2108; x_wconf 85' lang='grc' dir='ltr'><strong><em>τοις,</em></strong></span> <span class='ocrx_word' id='word_1_83' title='bbox 453 2029 495 2096; x_wconf 81' lang='grc' dir='ltr'><strong><em>ύτι</em></strong></span> <span class='ocrx_word' id='word_1_84' title='bbox 508 2031 555 2094; x_wconf 75' lang='grc' dir='ltr'><strong><em>ἐπὶ</em></strong></span> <span class='ocrx_word' id='word_1_85' title='bbox 567 2039 604 2109; x_wconf 81' lang='grc' dir='ltr'><strong><em>τή</em></strong></span> <span class='ocrx_word' id='word_1_86' title='bbox 616 2029 738 2110; x_wconf 81' lang='grc' dir='ltr'><strong><em>δραχμή</em></strong></span> <span class='ocrx_word' id='word_1_87' title='bbox 749 2027 851 2106; x_wconf 82' lang='grc' dir='ltr'><strong><em>ύβολδς</em></strong></span> <span class='ocrx_word' id='word_1_88' title='bbox 897 2030 1032 2106; x_wconf 71' lang='grc' dir='ltr'><strong><em>ἐκαλεῖτο</em></strong></span> <span class='ocrx_word' id='word_1_89' title='bbox 1064 2027 1170 2104; x_wconf 84' lang='grc' dir='ltr'><strong><em>ούτοις,</em></strong></span> <span class='ocrx_word' id='word_1_90' title='bbox 1208 2027 1251 2095; x_wconf 83' lang='grc' dir='ltr'><strong><em>ύτι</em></strong></span> <span class='ocrx_word' id='word_1_91' title='bbox 1275 2029 1322 2094; x_wconf 70' lang='grc' dir='ltr'><strong><em>ἐπὶ</em></strong></span> <span class='ocrx_word' id='word_1_92' title='bbox 1346 2039 1383 2112; x_wconf 80' lang='grc' dir='ltr'><strong><em>τή</em></strong></span> 
     </span>
     <span class='ocr_line' id='line_1_13' title="bbox 371 2144 1381 2230; baseline 0 -18"><span class='ocrx_word' id='word_1_93' title='bbox 371 2144 402 2223; x_wconf 83' lang='grc' dir='ltr'><strong><em>ήν</em></strong></span> <span class='ocrx_word' id='word_1_94' title='bbox 412 2197 420 2226; x_wconf 88' lang='grc'><strong><em>,</em></strong></span> <span class='ocrx_word' id='word_1_95' title='bbox 443 2157 495 2223; x_wconf 80' lang='grc' dir='ltr'><strong><em>τής</em></strong></span> <span class='ocrx_word' id='word_1_96' title='bbox 519 2149 656 2230; x_wconf 79' lang='grc' dir='ltr'><strong><em>δραχμής</em></strong></span> <span class='ocrx_word' id='word_1_97' title='bbox 668 2147 854 2229; x_wconf 73' lang='grc' dir='ltr'><strong><em>λογιζομένης</em></strong></span> <span class='ocrx_word' id='word_1_98' title='bbox 900 2149 1021 2230; x_wconf 77' lang='grc' dir='ltr'><strong><em>δραχμή</em></strong></span> <span class='ocrx_word' id='word_1_99' title='bbox 1037 2147 1139 2226; x_wconf 76' lang='grc' dir='ltr'><strong><em>ὀβολὸς</em></strong></span> <span class='ocrx_word' id='word_1_100' title='bbox 1160 2144 1210 2225; x_wconf 86' lang='grc' dir='ltr'><strong><em>ήν,</em></strong></span> <span class='ocrx_word' id='word_1_101' title='bbox 1223 2157 1276 2224; x_wconf 87' lang='grc' dir='ltr'><strong><em>τής</em></strong></span> <span class='ocrx_word' id='word_1_102' title='bbox 1290 2150 1381 2229; x_wconf 79' lang='grc' dir='ltr'><strong><em>δραχ-</em></strong></span> 
     </span>
     <span class='ocr_line' id='line_1_14' title="bbox 371 2264 1383 2349; baseline 0.001 -18"><span class='ocrx_word' id='word_1_103' title='bbox 371 2266 439 2347; x_wconf 81' lang='grc' dir='ltr'><strong><em>οιρδς</em></strong></span> <span class='ocrx_word' id='word_1_104' title='bbox 461 2264 503 2343; x_wconf 77' lang='grc' dir='ltr'><strong><em>έξ.</em></strong></span> <span class='ocrx_word' id='word_1_105' title='bbox 527 2267 684 2344; x_wconf 78' lang='grc' dir='ltr'><strong><em>ἐλάμβανε</em></strong></span> <span class='ocrx_word' id='word_1_106' title='bbox 707 2266 735 2332; x_wconf 80' lang='grc' dir='ltr'><strong><em>δέ</em></strong></span> <span class='ocrx_word' id='word_1_107' title='bbox 756 2266 853 2348; x_wconf 84' lang='grc' dir='ltr'><strong><em>έφεύ·</em></strong></span> <span class='ocrx_word' id='word_1_108' title='bbox 900 2275 958 2344; x_wconf 61' lang='lat' dir='ltr'><strong><em>wls</em></strong></span> <span class='ocrx_word' id='word_1_109' title='bbox 990 2267 1178 2349; x_wconf 72' lang='grc' dir='ltr'><strong><em>λογιζομένης</em></strong></span> <span class='ocrx_word' id='word_1_110' title='bbox 1203 2269 1311 2346; x_wconf 75' lang='grc' dir='ltr'><strong><em>ὀβολῶν</em></strong></span> <span class='ocrx_word' id='word_1_111' title='bbox 1339 2267 1383 2342; x_wconf 76' lang='grc' dir='ltr'><strong><em>ἕξ.</em></strong></span> 
     </span>
     <span class='ocr_line' id='line_1_15' title="bbox 372 2384 1385 2469; baseline 0 -20"><span class='ocrx_word' id='word_1_112' title='bbox 372 2409 432 2463; x_wconf 84' lang='grc' dir='ltr'><strong><em>γαν</em></strong></span> <span class='ocrx_word' id='word_1_113' title='bbox 460 2387 543 2462; x_wconf 84' lang='grc' dir='ltr'><strong><em>παρά</em></strong></span> <span class='ocrx_word' id='word_1_114' title='bbox 572 2391 622 2451; x_wconf 84' lang='grc' dir='ltr'><strong><em>τοῦ</em></strong></span> <span class='ocrx_word' id='word_1_115' title='bbox 646 2384 806 2469; x_wconf 81' lang='grc' dir='ltr'><strong><em>διώκοντος,</em></strong></span> <span class='ocrx_word' id='word_1_116' title='bbox 830 2387 855 2450; x_wconf 79' lang='grc' dir='ltr'><strong><em>εἰ</em></strong></span> <span class='ocrx_word' id='word_1_117' title='bbox 900 2386 1062 2462; x_wconf 80' lang='grc' dir='ltr'><strong><em>ἐλάμβανε</em></strong></span> <span class='ocrx_word' id='word_1_118' title='bbox 1087 2386 1115 2450; x_wconf 79' lang='grc' dir='ltr'><strong><em>δὲ</em></strong></span> <span class='ocrx_word' id='word_1_119' title='bbox 1139 2387 1153 2452; x_wconf 72' lang='lat' dir='ltr'>l</span> <span class='ocrx_word' id='word_1_120' title='bbox 1177 2385 1297 2467; x_wconf 80' lang='grc' dir='ltr'><strong><em>φεύγων</em></strong></span> <span class='ocrx_word' id='word_1_121' title='bbox 1322 2387 1385 2450; x_wconf 81' lang='grc' dir='ltr'><strong><em>άπὸ</em></strong></span> 
     </span>
     <span class='ocr_line' id='line_1_16' title="bbox 372 2502 1385 2582; baseline -0.002 -15"><span class='ocrx_word' id='word_1_122' title='bbox 372 2504 424 2576; x_wconf 82' lang='grc' dir='ltr'><strong><em>τήν</em></strong></span> <span class='ocrx_word' id='word_1_123' title='bbox 456 2502 534 2577; x_wconf 90' lang='grc' dir='ltr'><strong><em>δι’κην</em></strong></span> <span class='ocrx_word' id='word_1_124' title='bbox 555 2502 723 2582; x_wconf 81' lang='grc' dir='ltr'><strong><em>άτέφενγε.</em></strong></span> <span class='ocrx_word' id='word_1_125' title='bbox 748 2502 860 2578; x_wconf 86' lang='grc' dir='ltr'><strong><em>μέμνη·</em></strong></span> <span class='ocrx_word' id='word_1_126' title='bbox 904 2509 954 2568; x_wconf 80' lang='grc' dir='ltr'><strong><em>τοῦ</em></strong></span> <span class='ocrx_word' id='word_1_127' title='bbox 985 2504 1144 2579; x_wconf 78' lang='grc' dir='ltr'><strong><em>διώκοντος,</em></strong></span> <span class='ocrx_word' id='word_1_128' title='bbox 1177 2505 1201 2568; x_wconf 74' lang='grc' dir='ltr'><strong><em>εἰ</em></strong></span> <span class='ocrx_word' id='word_1_129' title='bbox 1225 2506 1277 2578; x_wconf 83' lang='grc' dir='ltr'><strong><em>τήν</em></strong></span> <span class='ocrx_word' id='word_1_130' title='bbox 1306 2505 1385 2579; x_wconf 86' lang='grc' dir='ltr'><strong><em>δι’κην</em></strong></span> 
     </span>
     <span class='ocr_line' id='line_1_17' title="bbox 374 2619 1087 2700; baseline -0.001 -14"><span class='ocrx_word' id='word_1_131' title='bbox 374 2645 424 2686; x_wconf 91' lang='grc' dir='ltr'><strong><em>τοιι</em></strong></span> <span class='ocrx_word' id='word_1_132' title='bbox 448 2621 478 2684; x_wconf 81' lang='grc' dir='ltr'><strong><em>δὲ</em></strong></span> <span class='ocrx_word' id='word_1_133' title='bbox 489 2619 600 2696; x_wconf 82' lang='grc' dir='ltr'><strong><em>ταύτης</em></strong></span> <span class='ocrx_word' id='word_1_134' title='bbox 612 2622 661 2684; x_wconf 73' lang='grc' dir='ltr'><strong><em>καὶ</em></strong></span> <span class='ocrx_word' id='word_1_135' title='bbox 676 2621 856 2698; x_wconf 74' lang='grc' dir='ltr'><strong><em>Δημοσθένης</em></strong></span> <span class='ocrx_word' id='word_1_136' title='bbox 902 2622 1087 2700; x_wconf 85' lang='grc' dir='ltr'><strong><em>άτέφενγεν.</em></strong></span> 
     </span>
    </p>

    <p class='ocr_par' dir='ltr' id='par_1_7' title="bbox 373 2736 856 2822">
     <span class='ocr_line' id='line_1_18' title="bbox 373 2736 856 2822; baseline -0.004 -18"><span class='ocrx_word' id='word_1_137' title='bbox 373 2740 403 2805; x_wconf 81' lang='grc' dir='ltr'><strong><em>έν</em></strong></span> <span class='ocrx_word' id='word_1_138' title='bbox 422 2741 462 2820; x_wconf 79' lang='grc' dir='ltr'><strong><em>τῷ</em></strong></span> <span class='ocrx_word' id='word_1_139' title='bbox 478 2738 559 2805; x_wconf 86' lang='grc' dir='ltr'><strong><em>κατά</em></strong></span> <span class='ocrx_word' id='word_1_140' title='bbox 572 2736 706 2821; x_wconf 77' lang='grc' dir='ltr'><strong><em>Ἀφόβου</em></strong></span> <span class='ocrx_word' id='word_1_141' title='bbox 718 2739 762 2822; x_wconf 84' lang='grc' dir='ltr'><strong><em>(Ι,</em></strong></span> <span class='ocrx_word' id='word_1_142' title='bbox 775 2737 856 2816; x_wconf 85' lang='grc'><strong>834,</strong></span> 
     </span>
    </p>

    <p class='ocr_par' dir='ltr' id='par_1_8' title="bbox 374 2859 440 2945">
     <span class='ocr_line' id='line_1_19' title="bbox 374 2859 440 2945; baseline 0 -19"><span class='ocrx_word' id='word_1_143' title='bbox 374 2859 440 2945; x_wconf 83' lang='grc'>25).</span> 
     </span>
    </p>

    <p class='ocr_par' dir='ltr' id='par_1_9' title="bbox 373 2975 1386 4121">
     <span class='ocr_line' id='line_1_20' title="bbox 417 2975 1380 3057; baseline -0.001 -14"><span class='ocrx_word' id='word_1_144' title='bbox 417 2978 455 3043; x_wconf 88' lang='lat' dir='ltr'><strong><em>In</em></strong></span> <span class='ocrx_word' id='word_1_145' title='bbox 490 2975 616 3044; x_wconf 85' lang='lat' dir='ltr'>Scholio</span> <span class='ocrx_word' id='word_1_146' title='bbox 650 2976 728 3040; x_wconf 76' lang='grc' dir='ltr'><strong><em>ἐστίν</em></strong></span> <span class='ocrx_word' id='word_1_147' title='bbox 762 2976 826 3042; x_wconf 82' lang='lat' dir='ltr'><strong><em>sive</em></strong></span> <span class='ocrx_word' id='word_1_148' title='bbox 860 2975 991 3040; x_wconf 87' lang='grc' dir='ltr'><strong><em>τοντέοτι</em></strong></span> <span class='ocrx_word' id='word_1_149' title='bbox 1026 2975 1208 3057; x_wconf 80' lang='lat' dir='ltr'>delendum3</span> <span class='ocrx_word' id='word_1_150' title='bbox 1241 2982 1380 3043; x_wconf 83' lang='lat' dir='ltr'>ceterum</span> 
     </span>
     <span class='ocr_line' id='line_1_21' title="bbox 373 3094 1383 3180; baseline -0.002 -18"><span class='ocrx_word' id='word_1_151' title='bbox 373 3095 527 3180; x_wconf 80' lang='lat' dir='ltr'>integrius</span> <span class='ocrx_word' id='word_1_152' title='bbox 551 3100 600 3160; x_wconf 87' lang='lat' dir='ltr'><strong><em>est</em></strong></span> <span class='ocrx_word' id='word_1_153' title='bbox 622 3113 719 3179; x_wconf 90' lang='lat' dir='ltr'>quam</span> <span class='ocrx_word' id='word_1_154' title='bbox 742 3094 850 3177; x_wconf 82' lang='lat' dir='ltr'>glossa</span> <span class='ocrx_word' id='word_1_155' title='bbox 873 3094 966 3159; x_wconf 86' lang='lat' dir='ltr'>lexici</span> <span class='ocrx_word' id='word_1_156' title='bbox 988 3094 1151 3160; x_wconf 80' lang='lat' dir='ltr'>rhetorici.</span> <span class='ocrx_word' id='word_1_157' title='bbox 1196 3095 1289 3180; x_wconf 82' lang='lat' dir='ltr'><strong>Apud</strong></span> <span class='ocrx_word' id='word_1_158' title='bbox 1312 3094 1383 3161; x_wconf 85' lang='lat' dir='ltr'>Sui-</span> 
     </span>
     <span class='ocr_line' id='line_1_22' title="bbox 374 3212 1383 3299; baseline -0.001 -19"><span class='ocrx_word' id='word_1_159' title='bbox 374 3215 449 3280; x_wconf 90' lang='lat' dir='ltr'><strong><em>dam</em></strong></span> <span class='ocrx_word' id='word_1_160' title='bbox 480 3212 597 3297; x_wconf 83' lang='lat' dir='ltr'>duplex</span> <span class='ocrx_word' id='word_1_161' title='bbox 628 3212 736 3297; x_wconf 83' lang='lat' dir='ltr'>glossa</span> <span class='ocrx_word' id='word_1_162' title='bbox 767 3213 936 3290; x_wconf 63' lang='lat' dir='ltr'><strong><em>torellelis,</em></strong></span> <span class='ocrx_word' id='word_1_163' title='bbox 969 3233 1115 3297; x_wconf 67' lang='lat' dir='ltr'>quarum&#39;</span> <span class='ocrx_word' id='word_1_164' title='bbox 1136 3215 1277 3297; x_wconf 78' lang='lat' dir='ltr'><strong>priorem</strong></span> <span class='ocrx_word' id='word_1_165' title='bbox 1300 3215 1383 3299; x_wconf 58' lang='grc' dir='ltr'><strong><em>Βοή-</em></strong></span> 
     </span>
     <span class='ocr_line' id='line_1_23' title="bbox 376 3329 1386 3410; baseline -0.002 -12"><span class='ocrx_word' id='word_1_166' title='bbox 376 3353 470 3399; x_wconf 86' lang='lat' dir='ltr'>senus</span> <span class='ocrx_word' id='word_1_167' title='bbox 494 3329 631 3397; x_wconf 84' lang='lat' dir='ltr'>Caecilio</span> <span class='ocrx_word' id='word_1_168' title='bbox 654 3331 821 3398; x_wconf 81' lang='lat' dir='ltr'>Calactino</span> <span class='ocrx_word' id='word_1_169' title='bbox 845 3332 974 3410; x_wconf 80' lang='lat' dir='ltr'><strong>tribuit,</strong></span> <span class='ocrx_word' id='word_1_170' title='bbox 998 3331 1134 3398; x_wconf 90' lang='lat' dir='ltr'>alteram</span> <span class='ocrx_word' id='word_1_171' title='bbox 1158 3333 1200 3396; x_wconf 84' lang='lat' dir='ltr'><strong><em>ad</em></strong></span> <span class='ocrx_word' id='word_1_172' title='bbox 1225 3333 1386 3398; x_wconf 87' lang='lat' dir='ltr'>Boethum·</span> 
     </span>
     <span class='ocr_line' id='line_1_24' title="bbox 374 3449 1383 3534; baseline -0.001 -19"><span class='ocrx_word' id='word_1_173' title='bbox 374 3450 552 3529; x_wconf 81' lang='lat' dir='ltr'>retulerim,</span> <span class='ocrx_word' id='word_1_174' title='bbox 586 3450 641 3534; x_wconf 92' lang='lat' dir='ltr'><strong><em>qui</em></strong></span> <span class='ocrx_word' id='word_1_175' title='bbox 675 3449 844 3515; x_wconf 83' lang='lat' dir='ltr'>Platonem</span> <span class='ocrx_word' id='word_1_176' title='bbox 873 3450 1011 3534; x_wconf 80' lang='lat' dir='ltr'><strong><em>respicit</em></strong></span> <span class='ocrx_word' id='word_1_177' title='bbox 1058 3450 1247 3516; x_wconf 78' lang='lat' dir='ltr'>Exscribam</span> <span class='ocrx_word' id='word_1_178' title='bbox 1279 3451 1383 3516; x_wconf 84' lang='lat' dir='ltr'>hanc:</span> 
     </span>
     <span class='ocr_line' id='line_1_25' title="bbox 375 3566 1384 3649; baseline 0.001 -17"><span class='ocrx_word' id='word_1_179' title='bbox 375 3569 577 3648; x_wconf 80' lang='grc' dir='ltr'><strong><em>ε’νιιοβελέα·</em></strong></span> <span class='ocrx_word' id='word_1_180' title='bbox 608 3569 643 3635; x_wconf 81' lang='grc' dir='ltr'><strong><em>τδ</em></strong></span> <span class='ocrx_word' id='word_1_181' title='bbox 672 3566 753 3633; x_wconf 84' lang='grc' dir='ltr'><strong><em>έκτον</em></strong></span> <span class='ocrx_word' id='word_1_182' title='bbox 780 3571 863 3648; x_wconf 90' lang='grc' dir='ltr'><strong><em>μέρος</em></strong></span> <span class='ocrx_word' id='word_1_183' title='bbox 886 3574 937 3633; x_wconf 85' lang='grc' dir='ltr'><strong><em>τοῦ</em></strong></span> <span class='ocrx_word' id='word_1_184' title='bbox 960 3570 1146 3647; x_wconf 86' lang='grc' dir='ltr'><strong><em>τιμήματος,</em></strong></span> <span class='ocrx_word' id='word_1_185' title='bbox 1171 3566 1184 3633; x_wconf 81' lang='grc' dir='ltr'><strong><em>δ</em></strong></span> <span class='ocrx_word' id='word_1_186' title='bbox 1208 3569 1384 3649; x_wconf 85' lang='grc' dir='ltr'><strong><em>έτράττοντο</em></strong></span> 
     </span>
     <span class='ocr_line' id='line_1_26' title="bbox 374 3685 1383 3769; baseline 0 -17"><span class='ocrx_word' id='word_1_187' title='bbox 374 3689 398 3752; x_wconf 77' lang='grc' dir='ltr'><strong><em>οἱ</em></strong></span> <span class='ocrx_word' id='word_1_188' title='bbox 421 3687 610 3768; x_wconf 82' lang='grc' dir='ltr'><strong><em>γραφάμενοέ</em></strong></span> <span class='ocrx_word' id='word_1_189' title='bbox 629 3712 711 3760; x_wconf 88' lang='grc' dir='ltr'><strong><em>τινας</em></strong></span> <span class='ocrx_word' id='word_1_190' title='bbox 733 3688 783 3753; x_wconf 77' lang='grc' dir='ltr'><strong><em>καὶ</em></strong></span> <span class='ocrx_word' id='word_1_191' title='bbox 806 3687 848 3764; x_wconf 83' lang='grc' dir='ltr'><strong><em>μή</em></strong></span> <span class='ocrx_word' id='word_1_192' title='bbox 871 3685 985 3758; x_wconf 80' lang='grc' dir='ltr'><strong><em>ἑλόντες</em></strong></span> <span class='ocrx_word' id='word_1_193' title='bbox 1008 3689 1107 3759; x_wconf 81' lang='grc' dir='ltr'><strong><em>αὐτοῖς</em></strong></span> <span class='ocrx_word' id='word_1_194' title='bbox 1130 3695 1189 3758; x_wconf 82' lang='grc' dir='ltr'><strong><em>τοῖς</em></strong></span> <span class='ocrx_word' id='word_1_195' title='bbox 1214 3695 1383 3769; x_wconf 82' lang='grc' dir='ltr'><strong><em>γραφεῖσιν.</em></strong></span> 
     </span>
     <span class='ocr_line' id='line_1_27' title="bbox 375 3801 1385 3885; baseline -0.002 -13"><span class='ocrx_word' id='word_1_196' title='bbox 375 3809 508 3872; x_wconf 76' lang='grc' dir='ltr'><strong><em>ἐκαλεῖτο</em></strong></span> <span class='ocrx_word' id='word_1_197' title='bbox 535 3806 564 3871; x_wconf 83' lang='grc' dir='ltr'><strong><em>δέ</em></strong></span> <span class='ocrx_word' id='word_1_198' title='bbox 593 3803 699 3882; x_wconf 79' lang='grc' dir='ltr'><strong><em>οὕτως,</em></strong></span> <span class='ocrx_word' id='word_1_199' title='bbox 731 3805 774 3871; x_wconf 82' lang='grc' dir='ltr'><strong><em>ύτι</em></strong></span> <span class='ocrx_word' id='word_1_200' title='bbox 804 3805 868 3870; x_wconf 78' lang='grc' dir='ltr'><strong><em>καθ’</em></strong></span> <span class='ocrx_word' id='word_1_201' title='bbox 901 3805 1027 3880; x_wconf 79' lang='grc' dir='ltr'><strong><em>ἑκάστην</em></strong></span> <span class='ocrx_word' id='word_1_202' title='bbox 1058 3807 1194 3885; x_wconf 78' lang='grc' dir='ltr'><strong><em>δραχμήν</em></strong></span> <span class='ocrx_word' id='word_1_203' title='bbox 1217 3806 1318 3884; x_wconf 78' lang='grc' dir='ltr'><strong><em>ὀβολὸς</em></strong></span> <span class='ocrx_word' id='word_1_204' title='bbox 1345 3801 1385 3880; x_wconf 83' lang='grc' dir='ltr'><strong><em>ήν.</em></strong></span> 
     </span>
     <span class='ocr_line' id='line_1_28' title="bbox 376 3919 1385 4004; baseline -0.001 -15"><span class='ocrx_word' id='word_1_205' title='bbox 376 3925 528 4002; x_wconf 77' lang='grc' dir='ltr'><strong><em>ένινιβελέα</em></strong></span> <span class='ocrx_word' id='word_1_206' title='bbox 560 3921 606 3989; x_wconf 83' lang='grc' dir='ltr'><strong><em>οὖν</em></strong></span> <span class='ocrx_word' id='word_1_207' title='bbox 636 3926 653 4000; x_wconf 91' lang='grc' dir='ltr'><strong><em>ή</em></strong></span> <span class='ocrx_word' id='word_1_208' title='bbox 684 3923 787 4004; x_wconf 75' lang='grc' dir='ltr'><strong><em>ζημία.</em></strong></span> <span class='ocrx_word' id='word_1_209' title='bbox 820 3923 973 4001; x_wconf 81' lang='grc' dir='ltr'><strong><em>έιιοοβελέα</em></strong></span> <span class='ocrx_word' id='word_1_210' title='bbox 1004 3925 1017 3988; x_wconf 81' lang='grc' dir='ltr'><em>ὃ</em></span> <span class='ocrx_word' id='word_1_211' title='bbox 1046 3923 1128 3996; x_wconf 82' lang='grc' dir='ltr'><strong><em>τέκος</em></strong></span> <span class='ocrx_word' id='word_1_212' title='bbox 1151 3924 1206 3989; x_wconf 83' lang='grc' dir='ltr'><strong><em>ύνιὸ</em></strong></span> <span class='ocrx_word' id='word_1_213' title='bbox 1229 3919 1385 3997; x_wconf 84' lang='grc' dir='ltr'><strong><em>Πλάτωνος</em></strong></span> 
     </span>
     <span class='ocr_line' id='line_1_29' title="bbox 376 4043 558 4121; baseline 0 -10"><span class='ocrx_word' id='word_1_214' title='bbox 376 4043 482 4121; x_wconf 85' lang='grc' dir='ltr'><strong><em>Νύμιον</em></strong></span> <span class='ocrx_word' id='word_1_215' title='bbox 505 4043 558 4111; x_wconf 89' lang='grc' dir='ltr'><strong><em>ια’.</em></strong></span> 
     </span>
    </p>

    <p class='ocr_par' dir='ltr' id='par_1_10' title="bbox 421 4161 1385 4251">
     <span class='ocr_line' id='line_1_30' title="bbox 421 4161 1385 4251; baseline 0.001 -24"><span class='ocrx_word' id='word_1_216' title='bbox 421 4161 500 4227; x_wconf 91' lang='lat' dir='ltr'>Ibid.</span> <span class='ocrx_word' id='word_1_217' title='bbox 525 4161 606 4228; x_wconf 85' lang='lat' dir='ltr'>XII:</span> <span class='ocrx_word' id='word_1_218' title='bbox 620 4161 687 4228; x_wconf 82' lang='lat'><strong><em>945</em></strong></span> <span class='ocrx_word' id='word_1_219' title='bbox 710 4161 736 4226; x_wconf 93' lang='lat' dir='ltr'><strong>B</strong></span> <span class='ocrx_word' id='word_1_220' title='bbox 765 4163 900 4229; x_wconf 83' lang='grc' dir='ltr'><strong><em>εύύννοέ</em></strong></span> <span class='ocrx_word' id='word_1_221' title='bbox 926 4165 994 4228; x_wconf 76' lang='grc' dir='ltr'><strong><em>εἰσιν</em></strong></span> <span class='ocrx_word' id='word_1_222' title='bbox 1018 4162 1158 4244; x_wconf 83' lang='grc' dir='ltr'><strong><em>άρχοντές</em></strong></span> <span class='ocrx_word' id='word_1_223' title='bbox 1185 4187 1259 4234; x_wconf 87' lang='grc' dir='ltr'><strong><em>τινες</em></strong></span> <span class='ocrx_word' id='word_1_224' title='bbox 1282 4165 1306 4228; x_wconf 81' lang='grc' dir='ltr'><strong><em>οἱ</em></strong></span> <span class='ocrx_word' id='word_1_225' title='bbox 1330 4165 1385 4251; x_wconf 85' lang='grc' dir='ltr'><strong><em>τάς</em></strong></span> 
     </span>
    </p>
   </div>
   <div class='ocr_carea' id='block_1_5' title="bbox 376 4279 1385 4363">
    <p class='ocr_par' dir='ltr' id='par_1_11' title="bbox 376 4279 1385 4363">
     <span class='ocr_line' id='line_1_31' title="bbox 376 4279 1385 4363; baseline 0 -17"><span class='ocrx_word' id='word_1_226' title='bbox 376 4284 492 4355; x_wconf 86' lang='grc' dir='ltr'><strong><em>εύύύνας</em></strong></span> <span class='ocrx_word' id='word_1_227' title='bbox 522 4279 727 4361; x_wconf 80' lang='grc' dir='ltr'><strong><em>λαμβάνοντες</em></strong></span> <span class='ocrx_word' id='word_1_228' title='bbox 759 4282 841 4363; x_wconf 84' lang='grc' dir='ltr'><strong><em>ταρά</em></strong></span> <span class='ocrx_word' id='word_1_229' title='bbox 873 4290 928 4348; x_wconf 80' lang='grc' dir='ltr'><strong><em>τῶν</em></strong></span> <span class='ocrx_word' id='word_1_230' title='bbox 958 4283 1124 4363; x_wconf 81' lang='grc' dir='ltr'><strong><em>άρχύντιον,</em></strong></span> <span class='ocrx_word' id='word_1_231' title='bbox 1155 4280 1249 4362; x_wconf 72' lang='grc' dir='ltr'><strong><em>ὥσπερ</em></strong></span> <span class='ocrx_word' id='word_1_232' title='bbox 1281 4285 1330 4358; x_wconf 71' lang='grc' dir='ltr'><strong><em>καὶ</em></strong></span> <span class='ocrx_word' id='word_1_233' title='bbox 1361 4285 1385 4348; x_wconf 79' lang='grc' dir='ltr'><strong><em>οἱ</em></strong></span> 
     </span>
    </p>
   </div>
   <div class='ocr_carea' id='block_1_6' title="bbox 0 0 1594 5076">
    <p class='ocr_par' dir='ltr' id='par_1_12' title="bbox 0 0 1594 5076">
     <span class='ocr_line' id='line_1_32' title="bbox 0 0 1594 5076; baseline 0 0"><span class='ocrx_word' id='word_1_234' title='bbox 0 0 1594 5076; x_wconf 95' lang='lat' dir='ltr'><strong><em> </em></strong></span> 
     </span>
    </p>
   </div>
  </div>
 </body>
</html>
