3154 5074
703 852 740 916 X.

267 1045 376 1111 Cicero
411 1048 451 1112 de
483 1047 685 1113 Divinatione
716 1045 780 1110 Io.
806 1046 826 1110 3
851 1048 868 1130 p
891 1046 929 1109 h:
963 1043 1229 1128 Philosophorum

220 1187 293 1232 vero
328 1167 489 1249 exquisita
521 1167 678 1249 quaedam
710 1171 914 1249 argumenta,
948 1185 1005 1228 cur
1037 1170 1123 1228 esset
1156 1183 1230 1228 vera

221 1285 388 1363 divinatio,
412 1285 547 1352 collecta
570 1287 661 1351 sunt:
686 1306 703 1349 e
728 1284 859 1368 quibus,
884 1290 920 1349 ut
940 1284 978 1348 de
999 1281 1228 1365 antiquissimis

220 1404 344 1487 loquar,
375 1382 591 1488 Colophonius
624 1402 855 1488 Xenophanes,
892 1423 1006 1478 uuus,
1039 1401 1110 1485 qui
1141 1400 1245 1465 deos·

222 1542 305 1588 esse
338 1523 504 1600 diceret,
529 1522 756 1588 divinationem
779 1520 923 1586 funditus
947 1519 1081 1586 sustulit.

266 1641 449 1725 Legsudum
480 1663 549 1708 esse
581 1662 695 1707 censeo
726 1659 797 1706 cum
822 1639 855 1706 Ο.
879 1638 1084 1706 Hartfeldero
1118 1660 1231 1704 uuum

222 1761 286 1844 qui
313 1760 422 1827 deum
450 1781 537 1827 esse
565 1760 727 1827 diceret.

584 2075 587 2082 Ι
702 1983 755 2048 ru.

267 2174 397 2240 Tacitus
421 2175 544 2260 Dialog.
569 2176 610 2240 de
634 2173 759 2241 Orator.
784 2197 810 2241 c.
832 2177 891 2241 36:
915 2175 1033 2260 Magna
1050 2175 1232 2260 eloquentia

223 2294 305 2358 siout
334 2292 465 2359 flamma
495 2295 631 2359 materia
662 2295 757 2360 alitur
788 2301 820 2360 et
849 2295 986 2361 motibus
1018 2297 1175 2360 excitatur
1199 2306 1231 2361 et

223 2414 342 2478 urendo
364 2414 528 2480 clarescit:
552 2415 662 2479 eadem
683 2414 765 2480 ratio
781 2415 815 2478 in
831 2420 941 2480 nostra
957 2436 1084 2499 quoque
1101 2414 1230 2480 civitate

222 2532 426 2614 antiquorum
462 2533 678 2617 eloquentiam
713 2535 872 2618 provexit3
912 2555 985 2599 uam
1021 2536 1082 2599 etsi
1118 2535 1230 2600 horum

222 2671 348 2734 quoque
380 2658 560 2736 temporum
593 2645 737 2718 oratores
771 2674 810 2718 ea
840 2655 1001 2719 consecuti
1035 2660 1124 2736 sunt,
1148 2675 1231 2737 quae

222 2769 397 2853 composita
421 2776 453 2834 et
477 2771 586 2853 quieta
610 2776 642 2836 et
664 2771 760 2836 beata
784 2771 949 2854 republica
965 2771 1063 2837 tribui
1078 2772 1128 2836 fas
1146 2778 1230 2849 erat,

222 2894 330 2954 tamen
354 2889 411 2954 illa
434 2888 675 2973 perturbatione
698 2911 736 2954 ao
760 2889 888 2954 licentia
911 2889 1004 2972 plura
1025 2890 1085 2954 sibi
1102 2891 1230 2972 assequi

223 3007 421 3087 videbantur,
453 3029 523 3073 oum
554 3008 661 3074 mixtis
692 3007 840 3073 omuibus
871 3013 904 3072 et
934 3007 1136 3073 moderatore
1169 3029 1231 3072 uno

222 3127 405 3192 carentibus
428 3133 553 3193 tantum
578 3128 713 3211 quisque
737 3132 846 3192 orator
874 3132 1047 3210 saperet,
1076 3132 1231 3210 quantum

223 3247 343 3310 emanti
367 3231 707 3332 populo'persuadere
730 3254 869 3331 poterat.

267 3363 329 3429 Pro
359 3370 517 3448 saperet
545 3371 711 3448 praestare
733 3365 856 3430 videtur
886 3378 1052 3449 caperet.

694 3581 763 3648 Xll.

267 3774 420 3840 Horatius
444 3774 508 3841 Sat.
532 3776 555 3840 I.
580 3776 601 3840 3
624 3796 667 3841 vs.
692 3776 734 3840 69
758 3796 830 3859 sqq.

624 3895 754 3960 Amicus
777 3894 896 3973 dulcis,
920 3853 1165 3979 utaequumst,

268 4009 346 4077 (lum
370 4033 442 4078 mea
466 4018 640 4096 conpenset
662 4013 751 4096 vitiis,
768 4012 870 4092 bona,
892 4014 1038 4099 pluribus
1061 4009 1163 4090 hisce,

267 4130 300 4196 Si
323 4110 417 4196 modb
440 4133 535 4216 plura
557 4132 633 4197 mihi
657 4131 742 4198 bona
766 4140 857 4212 suut,
873 4133 1016 4210 inclinet,
1041 4135 1144 4200 amari

268 4249 302 4315 Si
326 4251 424 4315 volet:
449 4249 511 4316 hac
534 4250 603 4334 lege
627 4251 659 4314 iu
682 4252 804 4318 trutina
827 4260 963 4335 ponetur
986 4253 1106 4318 eadem.
