3154 5074
901 580 964 643 112
1017 601 1023 618 ·

427 788 583 864 ἀπώμοτον
606 787 637 852 ei
659 785 751 863 λέξεις
775 787 900 860 suarm}
924 805 995 852 esse
1019 787 1173 865 videntur,
1197 784 1306 869 glossa
1320 785 1446 859 λήκυθος

428 927 446 974 e
469 906 571 972 lexico
594 905 763 971 Atticistue
787 905 978 989 provenisse.
1010 903 1108 970 Vides
1124 905 1206 970 hacc
1222 904 1302 969 satis
1317 903 1447 969 incerta

428 1045 508 1092 esse.
543 1023 624 1092 Tum
648 1044 758 1091 omnes
781 1024 906 1109 glossas
930 1062 974 1072 -
997 1029 1073 1114 sunt
1093 1023 1220 1090 circiter
1235 1028 1363 1089 centum
1380 1061 1443 1099 —‚

426 1163 511 1228 quae
537 1143 571 1209 iu
603 1141 755 1222 Scholiis,
788 1140 875 1227 apud
898 1140 1047 1208 Photirt'm
1068 1128 1104 1207 et
1126 1129 1160 1206 in
1182 1140 1313 1207 Bachm.
1337 1141 1443 1206 lexico

428 1263 558 1330 eaedem
588 1263 750 1348 legantur,
781 1281 822 1328 ex
844 1261 905 1328 hoc
927 1261 1030 1328 lexico
1053 1261 1184 1328 Bachm.
1208 1260 1339 1328 fluxisse
1362 1283 1441 1327 con-

428 1383 577 1449 tendite.
598 1403 623 1448 o.
648 1380 882 1462 χιιριεντιζετιιι,
907 1381 1047 1459 sarteas,
1070 1381 1119 1446 ἐπὶ
1143 1382 1256 1461 κόρρης,
1282 1379 1443 1461 ὑποκοριζό-

428 1523 524 1577 μενοι,
539 1500 747 1578 attractatus,
761 1498 1038 1580 κατεχειροτόνησαν
1051 1499 1092 1564 al.
1123 1497 1151 1564 Ε
1162 1499 1264 1566 lexico
1277 1499 1441 1565 rhetorico

428 1617 543 1684 Iuliani
578 1615 762 1701 cuiusdam,
785 1618 874 1702 quod
897 1618 1073 1684 communis
1096 1617 1168 1684 fons
1191 1616 1291 1683 fuerit
1314 1617 1440 1696 Photii,

428 1734 627 1802 Scholiorum
651 1751 684 1804 et
703 1737 808 1820 quinti
824 1736 975 1802 rhetorici
991 1735 1090 1802 lexici
1100 1734 1199 1801 Beklr.
1209 1741 1329 1820 ,<putat
1345 1735 1436 1802 Oohn

429 1853 640 1922 Scholiastam
684 1875 795 1921 omnes
832 1856 956 1940 glossas
996 1856 1151 1940 (exceptis
1195 1855 1436 1938 Diogeniaueis)
1534 1865 1535 1916 ξ

429 1973 595 2052 sumsisse,
611 1994 694 2057 quae
709 1973 808 2038 insint
822 1974 856 2038 iu
872 1971 1024 2051 Scholiis,
1041 1989 1076 2037 νο
1091 1974 1151 2038 lex.
1166 1973 1266 2038 Beklr.
1279 1981 1313 2038 et
1324 1972 1440 2038 Photio
1534 1967 1535 1982 ¹

428 2113 455 2158 e.
479 2113 505 2157 c.
535 2094 622 2169 τέως,
647 2091 808 2172 ἔμβραχυ,
833 2091 933 2177 ἅττα,
957 2090 1040 2170 ἄρτι,
1068 2090 1152 2172 ἕρκιις
1177 2093 1218 2158 al.
1265 2091 1302 2155 ln
1324 2092 1441 2176 glossis

429 2211 654 2296 Diogenianeis
678 2233 773 2296 saepe
796 2233 867 2276 cum
891 2210 1014 2278 Oohnio
1039 2211 1197 2278 convenio.
1234 2210 1297 2277 Sed
1321 2211 1440 2277 doctri·

428 2351 520 2407 uam,
544 2351 641 2414 quam
664 2330 789 2415 profert
812 2329 852 2395 de
876 2329 1010 2396 Scholiis
1034 2331 1192 2415 antiquis,
1216 2351 1320 2414 neque
1340 2351 1441 2415 supra

428 2448 580 2533 probari,
594 2469 697 2532 neque
709 2469 794 2514 nunc
806 2448 926 2533 prob03
939 2456 1034 2533 putat
1046 2437 1168 2515 scilicet
1181 2449 1304 2533 aliquot
1314 2449 1439 2534 glossas

428 2589 498 2634 esse
529 2567 657 2635 Scholia
687 2568 838 2652 antiqua,
870 2588 952 2651 quae
983 2569 1100 2652 partim
1131 2569 1164 2632 in
1195 2568 1299 2634 lexica
1322 2569 1438 2652 Dioge-

428 2687 534 2766 niani,
557 2685 663 2752 Photii
686 2686 727 2753 al
750 2687 953 2766 transierint,
973 2687 1091 2770 partim
1107 2687 1141 2750 in
1157 2684 1310 2766 scholiis,
1328 2686 1439 2770 qualia

428 2805 524 2873 hodie
558 2806 729 2886 habemus,
760 2807 860 2871 insint
891 2826 918 2872 e.
941 2828 967 2871 c.
998 2806 1167 2883 διωλύνιις,
1201 2805 1309 2884 ἄγνος,
1344 2806 1437 2882 ἅττα,

427 2925 548 3005 &spiriac
571 2923 681 3010 (quam
703 2925 743 3009 gl.
767 2924 961 3008 Diogeniano
978 2923 1080 3010 dedi),
1098 2922 1269 3002 ateleto,
1287 2925 1436 3002 τύττιιξ,

429 3045 531 3123 τιιέριι,
556 3045 677 3127 cleopa,
701 3044 902 3123 μεταδόρτιιι,
927 3050 1046 3123 τορεῖιι,
1070 3045 1217 3124 χυτρεύς,
1242 3043 1436 3125 κερατβόλονς

428 3163 469 3227 al.
515 3162 553 3228 ln
584 3163 655 3228 aliis
683 3183 811 3246 quoque
834 3161 1077 3245 quaestionibus
1100 3161 1244 3227 noudum
1268 3183 1435 3246 possumus

429 3276 551 3346 Gohnio
580 3280 760 3356 adsentire,
783 3289 836 3358 ut,
858 3279 1092 3364 Diogenia'num
1114 3299 1208 3344 nsum
1231 3300 1303 3345 esse
1325 3278 1432 3346 Boethi

428 3398 553 3465 libellis.
591 3399 639 3465 De
663 3399 713 3465 his
736 3405 843 3464 autem
867 3397 1201 3482 fortasse'aliquando
1225 3400 1342 3464 certius
1362 3371 1434 3464 con-

428 3496 660 3598 stabitsnam,
685 3518 712 3584 si
736 3538 889 3602 usquam,
915 3518 949 3582 in
970 3517 1021 3582 his
1037 3518 1132 3583 rebus
1149 3517 1218 3586 diue
1234 3518 1317 3584 diem
1335 3519 1433 3585 docet.

473 3957 543 4023 lam
587 3957 621 4022 in
653 3954 717 4022 fine
751 3957 1028 4024 commentationis
1063 3958 1116 4037 id,
1149 3961 1235 4044 quod
1270 3967 1433 4045 praestare

412 4083 563 4153 ¹conatus
597 4096 683 4156 sum,
719 4077 831 4160 paucis
866 4083 1009 4161 repetere
1040 4078 1146 4144 liceat.
1191 4079 1432 4148 Demonstrasse

428 4195 505 4262 mihi
535 4194 644 4262 videor
664 4195 770 4279 ipsum
794 4193 1006 4264 Scholiastam
1029 4197 1219 4283 Diogeniaui
1242 4200 1307 4266 sive
1334 4199 1433 4288 Hesy-
