3150 5080
854 645 874 710 6

360 847 469 914 bibitis
492 851 606 916 Boethi
628 853 738 918 lexicis
754 853 944 937 Platonicis,
967 853 1006 918 cf.
1022 852 1168 962 ilaberus
1189 853 1311 936 Proleg.
1331 853 1373 916 ad

361 967 466 1034 Photii
495 970 620 1037 lexicon
650 993 700 1056 pg.
729 973 785 1050 18,
812 973 851 1036 67
868 974 902 1053 ¹).
949 972 1052 1038 Huius
1075 971 1267 1055 Diogeniani
1289 971 1373 1054 glos-

362 1108 418 1152 sae
436 1085 545 1154 insunt
561 1096 594 1154 et
609 1089 642 1153 in
659 1088 792 1156 Scholiis
809 1090 981 1156 Platonicis
998 1096 1029 1155 et
1046 1091 1078 1154 in
1099 1089 1203 1155 Photii
1220 1089 1321 1154 lexico
1334 1089 1373 1170 2);

395 1454 424 1520 1)
447 1455 523 1520 Hugo
545 1455 676 1506 Weberus
701 1456 745 1519 (de
772 1455 895 1522 Hesychii
921 1457 954 1506 ad
976 1455 1117 1522 Eulogium
1134 1456 1260 1520 epistula,
1278 1455 1375 1506 Vimar.

362 1548 436 1600 1865.
467 1551 708 1618 Untersuchnngen
731 1552 797 1602 iiber
822 1552 868 1600 das
890 1551 1004 1602 Lexicon
1026 1552 1071 1600 des
1094 1551 1205 1616 Hesych.
1227 1552 1257 1600 in
1282 1551 1376 1601 Philol.

364 1646 454 1722 Suppl,
472 1649 521 1697 vol.
539 1647 587 1696 111.
605 1663 646 1712 pg.
664 1645 809 1710 nst-eal,
834 1648 911 1711 impr.
932 1662 974 1714 pg.
991 1645 1038 1696 551
1058 1647 1143 1710 seqq.)
1161 1647 1297 1696 contendit
1314 1646 1376 1696 Dio·

363 1742 507 1808 genianum
532 1742 618 1805 ipsum
637 1770 671 1778 -
687 1757 741 1792 non
761 1741 920 1808 Hesychium
938 1741 1082 1792 —Boethi
1100 1742 1192 1792 lexicis
1212 1757 1289 1791 usum
1307 1756 1375 1802 esse,

363 1838 395 1887 ad
414 1853 493 1901 quarn
511 1838 662 1900 opinionem
679 1837 840 1901 probandam
853 1837 929 1887 affert
940 1837 1071 1902 longiores
1084 1837 1177 1888 Boethi
1190 1837 1377 1900 explicationes

364 1932 501 1997 plerasque
526 1933 621 1982 misere
647 1937 796 1982 contractas
819 1947 876 1982 esse
900 1947 922 1981 e.
946 1947 968 1983 c.
992 1929 1114 1987 παιδικά,
1137 1929 1313 1988 Παναθήναια,
1330 1929 1376 1987 τὴν

364 2025 464 2086 datur,
488 2027 638 2094 τευτάζεα,
663 2027 731 2088 ὁμοῦ.
772 2028 840 2078 Tum
865 2027 1022 2093 Diogeniani
1048 2028 1099 2078 duo
1126 2043 1205 2092 opera
1231 2029 1377 2092 exstitisse,

364 2125 477 2174 alterum
494 2125 608 2188 lexicon,
626 2122 852 2186 Περιεργοπένητες
870 2125 1041 2188 inscriptum,
1061 2124 1129 2187 quod
1143 2123 1290 2188 Hesychius
1302 2122 1377 2172 adhi-

364 2218 464 2281 buerit,
482 2219 596 2268 alterum
614 2220 745 2282 epitomen
757 2234 789 2268 ex
802 2219 931 2283 Pamphili
946 2218 1072 2269 thesauro
1087 2224 1237 2282 excerptam
1249 2219 1378 2281 hodieque

365 2315 533 2377 deperditam.
569 2315 687 2374 Quarum
713 2313 819 2365 Weberi
842 2314 998 2377 opinionum
1025 2314 1090 2363 mibi
1117 2314 1235 2364 innotuit
1258 2314 1323 2363 haec
1346 2328 1377 2362 ex

366 2408 434 2458 libro
451 2408 521 2458 land.
539 2409 660 2472 Leopoldi
678 2407 752 2458 Cohn
770 2424 811 2474 pg.
829 2407 892 2472 sla,
911 2409 957 2472 qui
975 2408 1081 2472 probat;
1095 2409 1140 2458 illa
1152 2423 1184 2457 ex
1196 2409 1379 2458 dissertatione

368 2503 508 2553 Mettaueri
525 2520 566 2570 pg.
584 2503 629 2568 90,
648 2505 694 2568 qui
712 2505 855 2568 improbat,
873 2504 999 2568 oppositis
1017 2504 1111 2570 glossis
1124 2503 1281 2568 quibusdam
1293 2503 1379 2567 copio-

368 2599 404 2648 sis
430 2600 500 2649 velut
517 2599 654 2661 Ἡρακλεία
672 2597 751 2657 λίθος,
768 2597 834 2648 αὐτὸ
852 2597 943 2664 δείξει,
959 2601 992 2649 al.
1019 2599 1085 2649 Utut
1103 2605 1157 2664 est,
1176 2601 1203 2648 in
1222 2599 1379 2664 Diogeniani

367 2710 455 2758 opere,
475 2697 543 2759 qnod
558 2697 586 2744 in
600 2695 722 2760 Hesychii
735 2695 888 2745 recensione
900 2698 1033 2758 superest,
1047 2695 1145 2760 glossas
1157 2695 1251 2745 Boethi
1264 2695 1380 2760 integras

368 2791 408 2840 vel
426 2791 533 2841 mutilas
551 2792 639 2841 inesse
656 2796 766 2840 constat.
785 2791 816 2840 cf.
836 2789 947 2856 Hesych.
965 2805 989 2840 v.
1008 2787 1050 2837 daie
1067 2788 1168 2838 πάντων
1185 2787 1275 2852 κριτής.

401 2886 429 2950 2)
454 2886 563 2936 Saeculo
586 2901 656 2936 nono
679 2886 790 2936 Photius
812 2886 869 2950 ille,
888 2887 934 2950 qui
952 2891 1042 2949 postea
1058 2885 1212 2936 Patriarcha
1230 2884 1380 2935 Constanti-

368 2983 537 3045 nopolitsnus
554 2983 639 3032 lactus
658 2987 710 3048 est,
729 2980 819 3046 λέξεων
837 2978 991 3043 συναγωγήν
1008 2982 1167 3045 composuit,
1185 2982 1217 3030 de
1234 2995 1286 3044 quo
1299 2981 1381 3030 lexico

368 3077 502 3127 uberrime
530 3079 649 3141 exposuit
676 3076 797 3127 Naberus
826 3078 855 3127 in
884 3077 1080 3142 Prolegomenis
1106 3077 1138 3126 ad
1164 3077 1252 3126 Photii
1278 3076 1379 3126 lexicon

370 3172 476 3236 (Leidae
493 3170 583 3236 leel);
607 3173 779 3222 continentur
796 3173 845 3222 boc
863 3173 946 3221 lexico
964 3173 1110 3221 secundum
1127 3171 1264 3221 Naberum
1280 3171 1379 3236 Proleg.

370 3282 410 3332 pg.
429 3265 457 3316 7:
482 3272 604 3330 „praeter
629 3267 728 3332 glossas
754 3267 928 3330 adventicias,
953 3271 1075 3331 excerpta
1098 3282 1113 3316 e
1135 3267 1226 3316 lexicis
1243 3265 1381 3316 rhetoricis

370 3362 436 3418 Aelii
456 3361 571 3427 Dionysii
589 3367 615 3411 et
631 3362 792 3424 Pausaniae,
817 3361 935 3426 Epitome
954 3377 1022 3426 quae
1038 3363 1137 3412 dicitnr
1154 3361 1378 3426 Harpocrationis,

370 3458 462 3507 Boethi
486 3462 629 3522 utrumqne
652 3458 754 3507 lexicon
778 3457 957 3522 Platonicum,
983 3457 1120 3522 Timaeus,
1145 3458 1259 3521 denique
1281 3457 1381 3523 glossae

370 3552 518 3602 homericae
530 3556 556 3601 et
568 3552 668 3617 aliquot
680 3553 780 3618 glossae
793 3554 905 3604 sacrae.''
920 3553 1072 3603 Secundum
1081 3552 1258 3604 Schmidtium
1276 3554 1380 3614 Quaest.

371 3647 482 3712 Hesych.
502 3663 543 3713 pg.
562 3660 608 3698 xcx
627 3648 737 3699 Photius
755 3651 783 3699 in
803 3664 887 3699 unum
905 3637 1028 3700 conflavit
1044 3664 1123 3712 „oum
1140 3646 1295 3716 Diogeniani
1313 3649 1380 3715 glos-

370 3744 406 3792 sis
424 3744 526 3793 selectis
545 3744 699 3809 Bionysium
713 3744 847 3808 juniorem
865 3751 891 3794 et
903 3745 1064 3795 Pausaniam
1076 3745 1221 3808 Atticistas,
1237 3746 1381 3796 lexicorum

370 3839 561 3888 rhetoricorum
586 3843 705 3889 auctores
729 3839 876 3890 Eudemum
900 3846 926 3890 et
950 3841 1080 3891 Zosimum
1105 3841 1246 3905 Gazaeurn,
1269 3841 1382 3904 deniqne

368 3933 501 3984 Boetbum
518 3939 545 3984 et
561 3935 698 3985 Timaeum
715 3936 889 3986 Platonicos.'’
917 3937 999 3987 Hodie
1016 3938 1092 3987 nobis
1110 3937 1197 3987 Photii
1213 3938 1315 3987 lexicon
1327 3951 1380 3986 non

369 4031 481 4093 amplius
506 4031 640 4096 integrum
665 4038 797 4095 superest,
824 4047 917 4082 verum
942 4033 1049 4083 dimidia
1075 4039 1149 4097 parte
1173 4034 1289 4096 interiit;
1313 4035 1381 4098 qnod

370 4126 495 4174 damnum
519 4126 708 4189 quodammodo
734 4128 857 4176 resarciri
885 4132 970 4190 potest
991 4128 1082 4177 lexicis
1107 4127 1215 4190 Suidae,
1238 4128 1380 4193 Etymologi

369 4221 471 4286 Magni,
490 4221 662 4271 Bachmanni.
693 4221 763 4271 Nam
782 4221 876 4272 Suidas
893 4223 1063 4288 integriorem
1080 4223 1168 4273 Photii
1185 4224 1300 4272 codicem
1317 4239 1381 4273 nac-

369 4323 422 4380 tus,
442 4332 522 4383 quam
540 4332 587 4367 nos
605 4317 682 4369 hodie
699 4324 833 4382 tenemus,
853 4333 915 4368 cum
932 4319 1079 4384 pulvisculo
1092 4320 1120 4368 in
1133 4333 1209 4368 suam
1222 4319 1381 4384 farraginem
