3154 5074
684 650 728 720 93

204 862 265 943 Qui
288 870 395 930 autem
418 861 469 928 his
493 861 608 930 studiis
631 883 762 947 operam
786 861 881 941 dant,
901 882 955 928 eos
970 881 1083 938 moneo
1099 867 1136 926 ut
1151 859 1214 945 ipsi

202 983 365 1062 libellum,
397 982 490 1047 docte
522 987 619 1066 atque
649 980 813 1065 eleganter
840 981 1011 1064 seriptum,
1035 980 1212 1065 perlegant.
1234 987 1236 992 '

204 1102 263 1168 Est
286 1123 404 1187 operae
427 1100 574 1185 pretium.

246 1335 283 1400 In
314 1334 460 1399 ultimum
490 1332 552 1398 hoo
584 1336 682 1417 caput
711 1352 821 1398 omnes
849 1332 972 1416 glossas
993 1333 1105 1412 retuli,
1130 1353 1214 1416 quae

202 1472 393 1536 quacunque
415 1451 454 1516 de
473 1472 572 1516 causa
583 1451 616 1515 in
629 1450 845 1534 superioribus
859 1450 1017 1535 capitibus
1030 1450 1134 1516 locum
1148 1472 1212 1516 non

202 1570 373 1636 habebant.
399 1571 446 1636 De
461 1570 623 1654 plerisque
636 1569 691 1634 alii
703 1569 797 1635 aliter
809 1569 952 1635 iudicant
956 1595 965 1647 ρ
979 1570 1056 1635 mihi
1069 1565 1212 1655 saepius,

203 1689 281 1773 quid
299 1689 428 1754 credere
445 1693 600 1772 praestet,
614 1709 679 1753 non
691 1693 829 1766 constat,
843 1689 929 1771 quod
940 1688 974 1752 in
985 1693 1079 1754 tanta
1092 1694 1213 1754 senten»

202 1809 320 1873 tiarum
337 1807 523 1873 diversitate
538 1806 655 1871 nemini
672 1806 787 1871 mirum
804 1808 874 1871 erit
897 1806 1059 1873 Illustravi
1074 1807 1213 1891 glossas,

203 1930 358 2008 quantum
382 1925 488 2010 potui,
515 1924 571 1990 sed
597 1910 693 2008 saepe
717 1929 846 1990 coactus
867 1945 937 1990 sum
955 1928 1122 1991 contentus
1144 1945 1214 1990 esse

203 2043 317 2109 Photio
336 2043 484 2122 laudat03
502 2043 554 2108 hie
569 2042 686 2108 iterum
701 2063 833 2127 moneo,
850 2063 959 2109 omnes
975 2044 1116 2127 glossas,
1132 2064 1214 2128 quas

202 2160 334 2226 Photius
358 2159 459 2245 (Suid.
479 2164 554 2246 oet.)
570 2169 604 2226 et
619 2160 724 2226 Schol.
741 2160 860 2226 similes
876 2160 1033 2246 habeant,
1052 2161 1213 2227 Naberum

202 2277 324 2344 Boetho
354 2279 503 2344 tribuere.
536 2277 625 2356 Quae
654 2283 760 2343 autem
785 2279 911 2362 glossae
931 2286 1061 2364 praeter
1084 2301 1152 2365 eas,
1174 2279 1213 2346 de

204 2397 317 2479 quibus
341 2416 440 2480 supra
461 2397 526 2461 iam
547 2396 626 2476 dixi,
645 2397 679 2460 in
699 2394 835 2462 Scholiis
855 2397 1017 2482 leguntur,
1038 2396 1099 2464 hae
1120 2403 1211 2464 sunt:

248 2513 351 2579 Schol.
375 2512 552 2598 Euthyphr.
576 2513 598 2578 4
621 2513 648 2578 A
672 2510 690 2590 ἦ
712 2535 794 2578 πιο·
819 2512 902 2591 ἴσως,
927 2515 1041 2594 σχεδόν.

247 2631 337 2696 Idem
359 2629 476 2715 legitur
497 2631 532 2696 in
555 2629 660 2698 Schol.
683 2631 726 2697 ad
741 2631 864 2698 Politia.
882 2632 1008 2711 2851),
1025 2633 1110 2699 idem
1126 2633 1212 2718 apud

203 2748 360 2814 Photium.

246 2865 323 2932 ibid.
353 2863 415 2930 40
438 2867 619 2940 πελοθτης·
642 2869 656 2933 θ
680 2867 746 2931 olori
772 2874 883 2948 τροφῶν
909 2865 981 2957 [κοῶ]
1000 2869 1144 2949 ὑπηρετῶν
1161 2870 1211 2933 κοῶ

203 2984 410 3066 προσπελθζων
440 2987 500 3051 ῶπθ
530 2992 581 3051 τοῶ
614 2987 709 3058 πέλοις
742 2986 801 3062 ἤτοι
836 2989 930 3066 ἐγγὺς
961 2988 1110 3054 ἒιιοιλεῖτο·
1134 2991 1148 3056 o‘
1175 2988 1212 3053 δι’

203 3102 309 3168 ἔνθειοιν
331 3104 462 3183 προορῶν,
499 3103 608 3181 μίσθιος
631 3105 660 3168 δὲ
684 3107 839 3185 ὑπηρετῶν.

243 3221 382 3293 Ἄλλως·
415 3224 578 3287 πελθτοιι
602 3221 670 3287 εἰσιν
694 3224 718 3286 οἱ
738 3223 821 3303 ποιροὶ
843 3230 901 3295 τοῖς
922 3225 1043 3300 πλησίον
1054 3224 1212 3306 ἔρροιζθμε-

203 3354 257 3416 νῶι,
287 3341 337 3404 uxi
369 3341 470 3414 θητεο·
503 3341 528 3404 ol
559 3341 641 3405 οιῶτοὶ
673 3339 702 3405 δὲ
725 3341 774 3405 xxi
799 3341 964 3422 ἑκτημοροι,
988 3345 1051 3409 ἐπεὶ
1077 3339 1118 3426 τῷ
1140 3343 1213 3424 ἕκτιρ

202 3458 281 3538 μέρει
306 3463 359 3522 τῶν
383 3465 498 3539 κοιρπῶν
523 3458 687 3540 εἰργάζοντο
709 3460 761 3533 την
786 3467 853 3536 ρῶν.

248 3577 296 3644 De
328 3577 434 3662 priore
465 3577 574 3662 glossa
603 3577 751 3644 dubitare
775 3578 877 3661 possis
899 3578 985 3644 unde
1008 3579 1058 3644 sit
1105 3579 1213 3646 Verba

204 3696 293 3761 ὃῶντὶ
306 3733 352 3744 ..
364 3695 570 3776 προσπελάζον
583 3701 658 3762 sunt
669 3718 686 3760 e
699 3695 822 3761 Timaei
833 3697 953 3775 lexioo;
967 3718 1050 3781 quae
1063 3708 1212 3765 secuntur

204 3815 394 3880 conveniunt
416 3835 487 3880 oum
512 3816 552 3898 gl.
578 3815 664 3898 apud
688 3814 852 3879 Photium:
876 3816 1053 3882 πειιοθτοιι·
1077 3819 1101 3882 οἱ
1120 3819 1211 3900 μισθῷ

204 3933 400 4008 δουλεύοντες,
425 3934 486 3998 ἐπεὶ
512 3934 546 3998 τὸ
570 3934 664 4005 τέλος
691 3933 803 4012 ε’γγθς·
828 3928 881 3998 οἷον
903 3933 1033 4010 ἔγγιστα
1049 3935 1095 4000 aa
1111 3939 1211 4002 πενθῶν

204 4051 374 4131 προσιόντες.
397 4052 610 4132 Ἀριστοτέλης,
631 4071 734 4134 neque
750 4051 886 4117 multum
898 4051 1060 4136 discrepat
1074 4053 1211 4140 Hesyoh.

204 4167 382 4236 πελοθτοιι·
404 4170 428 4234 οἱ
449 4169 495 4234 aa
519 4173 570 4244 την
592 4169 760 4246 ῶνοιρκονθοιν
782 4171 889 4251 τροφην
905 4173 995 4251 μισθῷ
1013 4172 1209 4250 δουλεύοιτες,

205 4293 224 4362 †
248 4294 322 4367 τρεῖς
345 4288 500 4369 μθσθονρνοι.
525 4288 584 4352 ῶπὸ
608 4293 658 4352 τοῦ
682 4288 788 4361 πέλοις.
