3154 5074
694 635 737 702 67

214 837 309 906 lentis
340 842 492 927 exemplis
525 843 633 910 docuit
665 844 811 912 Naberus
836 846 878 909 ‘in
908 824 1029 930 Proleg'.
1061 846 1103 911 ad
1132 846 1223 940 Phoc
1258 818 1260 824 Ι

214 981 263 1044 pg.
297 961 357 1039 65,
391 962 450 1037 66,
483 962 671 1045 quibuscum
703 963 917 1041 conferantur,
949 984 1033 1048 quae
1063 965 1146 1029 idem
1176 965 1222 1030 vir

216 1078 291 1144 clar.
323 1078 489 1146 adnotavit
525 1080 567 1145 ad
598 1083 740 1165 singulas
772 1081 896 1166 glossas
920 1077 938 1155 ἦ
960 1082 1031 1160 aa,
1058 1083 1223 1157 Κυψελιδῶν

215 1198 371 1282 ἀνάθημα,
396 1199 517 1264 methrani
527 1249 536 1283 ,
554 1199 721 1280 τενννὶζενν,
739 1201 991 1281 περνμγενρὸμενον,
1008 1201 1098 1266 alias.
1122 1199 1224 1284 Saepe

215 1316 356 1384 Boethus
379 1317 424 1382 nil
447 1317 535 1383 aliud
559 1319 722 1402 praestitit
738 1341 834 1403 quam
851 1321 936 1403 quod
951 1319 1079 1404 glossae
1096 1320 1224 1386 aliunde

216 1443 368 1520 acceptae
397 1458 494 1502 unum
526 1437 672 1522 pluresve
702 1437 789 1503 locos
820 1458 838 1502 e
870 1437 1002 1504 Platone
1035 1438 1225 1524 adscripsit,

216 1555 312 1639 idque
336 1555 407 1640 plus
432 1578 529 1641 quam
553 1556 649 1622 semel
672 1556 743 1639 ipsc
766 1556 949 1641 philosophi
965 1557 1091 1623 nomine
1108 1557 1224 1622 omisso

217 1696 243 1740 θ.
274 1696 300 1740 c.
338 1676 372 1739 in
408 1675 524 1760 glossis
563 1675 729 1757 τεντνὶζενν,
769 1678 924 1757 ὀρνεῶνες,
965 1677 1222 1755 περνμγενρόμενον,

216 1801 423 1870 πλημμελεῖν,
447 1795 636 1875 ὀρτυγοκόπον
659 1795 716 1861 ubi
739 1801 805 1861 est:
826 1796 907 1874 λέγει
923 1791 969 1860 οὖν
987 1795 1069 1879 (scil.
1085 1796 1225 1881 Πλάτων)

217 1911 245 1976 ἕν
272 1912 462 1994 Ἀλκιβιάδῃ,
488 1913 677 1994 κερασβόλον,
702 1913 736 1978 in
760 1934 826 1998 qua
849 1912 966 1997 legitur
990 1911 1060 1978 ὅταν
1083 1909 1128 1978 οὖν
1151 1913 1226 1994 λένῃ

220 2032 275 2112 (sc.
307 2032 455 2114 Πλάτων).
505 2031 590 2098 Hinc
621 2053 686 2099 non
718 2032 948 2108 dubitabimus,
986 2032 1108 2116 opinor,
1143 2033 1225 2098 alias

219 2147 360 2232 glossas,
393 2149 448 2215 ubi
476 2151 561 2216 idem
594 2151 815 2230 observamus,
846 2151 957 2216 eodem
980 2126 1120 2231 referre,
1141 2151 1226 2217 velut

218 2267 340 2356 βλᾶκνν,
356 2255 558 2350 λνννζόμενος,
575 2269 662 2347 ἅδην,
679 2271 804 2350 eliditur,
821 2276 959 2350 Φντῡσννν,
972 2259 1126 2349 ννντερίδνς
1140 2253 1226 2342 μῖνος.

219 2387 291 2454 Non
322 2409 447 2473 semper
477 2395 584 2456 autem
614 2388 758 2455 Platonis
790 2388 876 2454 locos
908 2389 1119 2473 adscripsisse
1148 2390 1226 2456 Boe·

218 2506 324 2586 thum,
357 2507 413 2573 sed
441 2507 492 2572 hic
514 2509 579 2573 illic
603 2508 689 2591 apud
711 2507 816 2590 ipsum
840 2507 1042 2591 Pamphilum
1064 2500 1224 2574 invenisse

218 2629 309 2708 patet
330 2646 370 2690 ex
393 2625 433 2710 gl.
457 2626 695 2706 ἐνχντρίστμννν,
720 2646 817 2708 quam
842 2621 956 2690 Suidas
979 2631 1012 2690 et
1027 2623 1130 2690 Schol.
1148 2624 1223 2690 Min.

164 2762 166 2770 ’
219 2743 325 2810 3150
349 2765 366 2810 e
389 2744 528 2822 Boetho,
562 2744 666 2812 Schol.
696 2744 793 2810 Arist.
820 2742 918 2828 Vesp.
949 2743 1013 2808 289
1048 2764 1065 2808 θ
1101 2744 1227 2828 Didymi

218 2861 319 2927 lexico
354 2863 475 2930 comico
507 2863 680 2929 servavisse
720 2862 876 2928 videntur.
921 2860 1084 2945 Leguntur
1119 2865 1224 2926 autem

219 2979 316 3046 verba
342 2982 440 3052 Μίνως
472 2982 489 3057 ἢ
523 2983 584 3064 περὶ
617 2983 701 3060 νόμον
731 2987 765 3046 et
794 2980 880 3065 apud
912 2978 1044 3045 Suidam
1075 2985 1107 3044 et
1137 2980 1224 3063 apud

219 3097 430 3166 Scholiastam
454 3100 686 3185 Aristophanis.
709 3100 747 3165 In
772 3098 978 3163 diiudicanda
993 3098 1099 3182 glossa
1116 3106 1223 3163 utrum

219 3237 237 3282 e
259 3217 374 3283 Boethi
397 3219 512 3284 libellis
528 3217 656 3286 fluxerit
671 3240 787 3295 necne,
812 3218 908 3283 etiam
923 3218 984 3282 hoc
1000 3239 1058 3282 nos
1075 3216 1225 3282 adiuvare

219 3338 353 3420 poterit,
384 3339 470 3422 quod
502 3338 535 3403 in
557 3337 608 3403 his
630 3337 745 3423 glossis
768 3321 930 3403 interdum
962 3336 1140 3400 accuratius
1172 3355 1225 3400 ex-

219 3455 388 3540 planatur,
423 3456 456 3520 in
488 3477 551 3540 quo
583 3476 666 3522 nexu
697 3455 928 3522 sententiarum
957 3455 1046 3519 locus
1078 3475 1095 3519 e
1126 3455 1225 3538 scrip-

219 3578 288 3640 tore
326 3575 465 3658 quodam
503 3557 652 3642 laudatus
689 3574 776 3660 apud
794 3578 796 3582 ’
812 3575 897 3640 hunc
929 3573 1033 3658 ipsum
1069 3578 1224 3638 occurrat.

220 3688 266 3757 cf.
305 3690 445 3760 Cobetus
484 3694 635 3760 Mnemos.
669 3693 716 3758 IX
750 3716 802 3781 pg.
837 3693 904 3760 430
939 3694 978 3758 de
1011 3691 1051 3776 gl.
1086 3690 1221 3774 πννδνκνὶ,

219 3813 331 3888 γλυκὺς
354 3811 471 3888 aeneo,
496 3813 586 3894 ὁμοῦ,
611 3812 726 3896 quibus
750 3812 834 3878 adde
856 3813 897 3897 gl.
921 3812 1000 3884 τέως.
1025 3810 1095 3874 Hoc
1118 3816 1224 3876 autem

221 3929 387 4013 Pamphilo
418 3931 468 3996 vel
495 3931 564 3996 eius
587 3913 727 3996 fontibus
751 3931 876 4010 deberi,
899 3950 963 3996 non
986 3927 1124 4006 Boetho,
1149 3927 1225 3992 mihi

220 4050 374 4132 persuasi.
841 4127 844 4134 .

265 4167 312 4231 De
335 4168 495 4234 nonnullis
519 4168 635 4253 glossis
659 4167 956 4252 amplioribusque
979 4165 1033 4230 via
1048 4163 1081 4226 in
1098 4161 1225 4229 Scholia

219 4286 422 4369 pervenerint
452 4287 581 4352 dubium
612 4291 663 4352 est
689 4293 821 4371 propter
845 4284 1039 4368 singularem
1063 4281 1225 4366 quandam

1100 4399 1127 4447 5·
