3150 5080
694 636 733 702 17

204 845 344 918 ἐκκλησία
368 841 482 923 ὕστερον
505 843 575 908 ὅταν
598 866 656 929 pro
677 842 725 910 ὅτε
749 845 797 909 τὸν
813 846 979 924 στραταγὸν
995 845 1217 926 ε’χειροτθνουν”.

208 964 295 1041 Quae
318 985 391 1028 vero
415 963 502 1048 apud
526 962 737 1028 Scholiastam
763 971 930 1030 secuntur:
954 965 1057 1039 ἐκλήθη
1078 965 1107 1029 δὲ
1131 963 1219 1037 οὕτως

203 1084 263 1160 ἤτοι
293 1081 354 1148 ἀπὸ
380 1089 433 1148 τοῦ
457 1083 631 1148 πυκνοῦσθαι
654 1083 703 1146 τὸν
727 1079 816 1162 θχλον
839 1084 901 1148 ἐκεῖ
921 1084 937 1160 ἢ
962 1084 1096 1150 ἀπὸτοῦ
1121 1087 1218 1149 τυκνά

203 1199 276 1268 εἶναι
311 1205 352 1268 τά
388 1203 451 1282 τερ)
487 1203 578 1278 αὐτὴν
608 1204 774 1281 οἰκήματα,
807 1204 918 1268 eadem
950 1203 1049 1268 habet
1086 1203 1218 1269 Photius

203 1329 236 1388 et
271 1321 387 1387 similia
408 1322 594 1392 ,traduntur
627 1323 661 1386 in
696 1320 771 1386 Lex.
807 1323 886 1388 rhet.
922 1321 1021 1388 Bekk.
1055 1323 1133 1401 292,
1166 1323 1217 1387 30.

205 1439 344 1505 Pulchra
367 1441 558 1525 etymologia
583 1441 669 1524 sapit
684 1440 807 1506 Aelium
824 1441 1020 1524 Dionysium.
1039 1440 1086 1507 cf.
1102 1441 1217 1506 Naher.

202 1557 325 1642 Proleg.
355 1559 396 1622 ad
425 1558 514 1624 Phot
538 1581 590 1642 pg.
614 1559 657 1624 56
682 1559 722 1624 de
745 1559 889 1644 Dionysii
913 1560 1108 1625 derivatione
1133 1561 1217 1626 vocis

201 1677 277 1751 κάκκ
313 1682 346 1741 et
377 1676 411 1743 G.
435 1676 470 1742 T.
494 1678 527 1742 P.
552 1676 712 1744 Schwartz
737 1679 778 1744 ad
802 1679 884 1744 Aelii
907 1679 1051 1764 Dionysii
1074 1679 1217 1744 Halicar-

202 1794 364 1860 nassensis
388 1794 540 1879 reliquias
564 1797 599 1861 in
622 1819 647 1861 ν.
672 1797 820 1877 ἀλιτήριοι.

247 1911 351 1978 Schol.
374 1914 496 1980 Potitio.
522 1915 587 1980 265
606 1915 633 1980 B
657 1916 801 1990 νεαλής·
827 1918 845 1996 τ’,
865 1915 1051 1996 τρθσΦατος·
1073 1916 1171 1993 κυρίως
1187 1916 1216 1981 δὲ

201 2031 249 2095 ε’σὶ
283 2038 338 2096 τῶν
369 2034 438 2098 ἀλσὶ
472 2034 661 2111 ταττομένων
677 2037 710 2110 ’ἡ
740 2033 829 2108 λέξις.
862 2034 924 2100 ἔστι
955 2035 983 2099 δὲ
1007 2035 1056 2100 καὶ
1080 2036 1093 2099 ο“
1116 2035 1216 2100 νεωστὶ

202 2149 334 2222 ἑαλωκὼς
359 2153 461 2233 ἰχθύς,
493 2153 542 2216 καὶ
565 2153 598 2226 tt
621 2152 670 2217 rai
694 2155 708 2218 ὅ
731 2152 830 2218 νεωστὶ
855 2153 991 2224 ἀλισθείς.

247 2269 387 2335 Priorem
419 2269 537 2336 Scholii
568 2278 694 2356 partem
721 2293 822 2355 usque
847 2273 889 2338 ad
913 2274 1102 2348 ταττομένων
1127 2273 1214 2357 apud

205 2386 341 2471 Hesych.
363 2389 504 2455 invenies
527 2412 553 2456 v.
578 2398 708 2467 νεαλεῖς,
734 2391 870 2456 alteram
894 2394 980 2475 apud
1004 2391 1160 2457 Photium.

249 2506 353 2572 Schol.
377 2507 473 2593 Hipp.
498 2508 572 2574 Min.
592 2510 656 2575 368
678 2508 702 2574 G
725 2511 871 2584 λήκυθον
888 2510 917 2574 δὲ
931 2509 1055 2588 ἀγγεῖόν
1075 2512 1105 2575 σι’
1122 2518 1215 2590 Φαοιν

200 2625 347 2702 Ἀττικοί,
370 2627 398 2690 ἐν
417 2621 438 2707 ᾧ
458 2633 516 2696 τοῖς
538 2634 641 2705 νεκροῖς
661 2627 760 2708 ἔφερον
779 2631 811 2693 τὸ
828 2629 928 2709 μύρου,
940 2631 993 2702 τὴν
1004 2629 1213 2708 ἀλάβαστρον·

199 2747 349 2824 ἀρσενικῶς
374 2746 404 2810 δὲ
427 2745 475 2810 τθν
499 2745 691 2826 ἀλάβαστρον
714 2747 868 2828 Ἡροθοτος.
889 2752 1013 2828 ἐχρῶντο
1032 2749 1061 2812 δὲ
1080 2749 1130 2813 καὶ
1146 2749 1211 2813 ἀντὶ

199 2863 377 2942 Φασκωλίυν
399 2864 544 2943 λκκθθοις,
571 2864 592 2931 ἀ
615 2867 676 2931 ε’στι
700 2865 859 2945 ἀερμάτινα
881 2866 1054 2944 βαλλάντια
1077 2867 1211 2947 (Φάοκιο-

198 2996 248 3053 λος
278 2982 307 3046 δὲ
337 2985 369 3048 τὸ
401 2983 502 3060 μέγα,
535 2985 575 3055 εἷς
605 2982 619 3049 ὃ
650 2985 690 3048 τά
718 2984 827 3062 ἱροάτια
857 2985 1072 3069 ἐμβάλλεται).
1096 2987 1136 3050 διὸ
1162 2987 1211 3050 καὶ

198 3101 263 3171 τοὺς
288 3101 411 3179 ἀπόρους
434 3101 643 3176 αὐτοληκύθους
667 3103 778 3179 ἔλεγον.
799 3103 916 3180 λέγουσι
936 3104 965 3167 δὲ
984 3104 1033 3167 καὶ
1052 3105 1103 3178 τὴν
1115 3103 1210 3182 λάχυ-

197 3242 241 3282 νον
267 3219 386 3293 λήκυθον
410 3220 458 3284 καὶ
483 3220 516 3285 το
539 3220 656 3297 μεταξὺ
684 3228 736 3286 τοῦ
760 3224 917 3287 λαυκανθου
940 3223 989 3286 καὶ
1013 3229 1063 3288 τοῦ
1087 3223 1210 3302 αὐχένος

198 3338 326 3417 ἠχῶδες,
351 3338 386 3410 ἀς
410 3345 484 3420 <ham
511 3341 673 3421 Κλέαρχος.
727 3345 730 3350 ’

245 3455 379 3522 Glossae
396 3458 482 3541 apud
499 3457 660 3524 Photium:
678 3460 844 3533 λήκυθον·
865 3463 916 3534 τὴν
936 3465 986 3524 τοῦ
1006 3461 1093 3540 μύρου
1113 3463 1210 3525 Ἀττι-

197 3575 239 3640 κοὶ
270 3582 408 3642 καλοῦσιν
434 3578 612 3655 tircano
636 3578 735 3661 (Suid.
758 3579 980 3663 ἀλάβαστρον)·
1004 3582 1156 3660 ἀρσενικῶς
1181 3581 1210 3644 δὲ

198 3693 247 3759 τάν
269 3696 445 3772 ἀλάβαοτον
470 3696 570 3780 (Suid.
594 3697 797 3781 ἀλάβαστρον)
821 3694 900 3761 εἶτεν
933 3699 1076 3778 Ἡροθοτος
1104 3697 1210 3763 Nahe-

198 3833 253 3878 rus
279 3813 468 3898 adscripsit:
494 3814 684 3890 Adnotatio,
717 3837 800 3900 quae
823 3816 948 3899 plenius
973 3822 1097 3882 servata
1120 3823 1212 3881 esta

198 3929 302 3996 Schol.
327 3930 408 3997 Plat.
432 3932 530 4017 Hipp.
554 3932 629 3998 Min.
654 3935 719 3998 368
740 3931 785 3998 0⁸
809 3934 859 3998 his
882 3934 986 3999 verbis
1010 3934 1155 3998 indicans
1178 3954 1210 3998 se

199 4047 348 4115 Scholion
382 4050 502 4115 habere
537 4071 596 4134 pro
629 4051 804 4135 integriore
834 4052 948 4118 Boethi
981 4051 1210 4117 observatione.

197 4167 267 4245 Qua
297 4169 331 4232 in
366 4189 401 4234 re
433 4168 504 4234 falli
536 4169 613 4234 mihi
644 4169 770 4235 videtur
798 4171 846 4235 vir
875 4171 1081 4236 clarissimus.
1127 4168 1210 4234 Nam

199 4308 395 4371 quamquam
437 4311 502 4355 non
543 4311 624 4374 nego
664 4289 876 4358 Scholiastam
911 4291 1008 4357 aliam
1044 4296 1213 4374 praeterea

1096 4407 1112 4458 2
