<?xml version="1.0" encoding="UTF-8"?>
<!DOCTYPE html PUBLIC "-//W3C//DTD XHTML 1.0 Transitional//EN"
    "http://www.w3.org/TR/xhtml1/DTD/xhtml1-transitional.dtd">
<html xmlns="http://www.w3.org/1999/xhtml" xml:lang="en" lang="en">
 <head>
  <title>
</title>
<meta http-equiv="Content-Type" content="text/html;charset=utf-8" />
  <meta name='ocr-system' content='tesseract 3.04.00' />
  <meta name='ocr-capabilities' content='ocr_page ocr_carea ocr_par ocr_line ocrx_word'/>
</head>
<body>
  <div class='ocr_page' id='page_1' title='image "./dissertatiolitt00wolfgoog_0109.png"; bbox 0 0 3154 5074; ppageno 0'>
   <div class='ocr_carea' id='block_1_1' title="bbox 683 625 725 690">
    <p class='ocr_par' dir='ltr' id='par_1_1' title="bbox 683 625 725 690">
     <span class='ocr_line' id='line_1_1' title="bbox 683 625 725 690; baseline 0 0"><span class='ocrx_word' id='word_1_1' title='bbox 683 625 725 690; x_wconf 76' lang='lat'><strong>97</strong></span> 
     </span>
    </p>
   </div>
   <div class='ocr_carea' id='block_1_2' title="bbox 190 831 1213 1411">
    <p class='ocr_par' dir='ltr' id='par_1_2' title="bbox 190 831 1213 1035">
     <span class='ocr_line' id='line_1_2' title="bbox 244 831 1213 914; baseline -0.002 -14"><span class='ocrx_word' id='word_1_2' title='bbox 244 833 331 900; x_wconf 82' lang='lat' dir='ltr'>Coni.</span> <span class='ocrx_word' id='word_1_3' title='bbox 356 832 460 906; x_wconf 79' lang='lat' dir='ltr'><strong>SohOL</strong></span> <span class='ocrx_word' id='word_1_4' title='bbox 483 833 619 900; x_wconf 84' lang='lat' dir='ltr'><strong>Phaedr.</strong></span> <span class='ocrx_word' id='word_1_5' title='bbox 643 831 708 898; x_wconf 79' lang='grc'><strong>268</strong></span> <span class='ocrx_word' id='word_1_6' title='bbox 733 831 761 898; x_wconf 75' lang='lat' dir='ltr'>A</span> <span class='ocrx_word' id='word_1_7' title='bbox 784 833 899 911; x_wconf 77' lang='grc' dir='ltr'><em>ἥτριον</em></span> <span class='ocrx_word' id='word_1_8' title='bbox 924 833 956 896; x_wconf 74' lang='grc' dir='ltr'><strong>τί</strong></span> <span class='ocrx_word' id='word_1_9' title='bbox 974 835 1081 914; x_wconf 81' lang='grc' dir='ltr'><em>εθϋΦὲς</em></span> <span class='ocrx_word' id='word_1_10' title='bbox 1097 833 1213 911; x_wconf 86' lang='grc' dir='ltr'><em>ίμοίτιον</em></span> 
     </span>
     <span class='ocr_line' id='line_1_3' title="bbox 190 953 1138 1035; baseline -0.009 -16"><span class='ocrx_word' id='word_1_11' title='bbox 190 953 249 1019; x_wconf 69' lang='lat' dir='ltr'><strong>mi</strong></span> <span class='ocrx_word' id='word_1_12' title='bbox 272 953 380 1035; x_wconf 69' lang='grc' dir='ltr'><em>ἀραῖον.</em></span> <span class='ocrx_word' id='word_1_13' title='bbox 1133 997 1138 1010; x_wconf 86' lang='grc'>,</span> 
     </span>
    </p>

    <p class='ocr_par' dir='ltr' id='par_1_3' title="bbox 199 1071 1212 1411">
     <span class='ocr_line' id='line_1_4' title="bbox 242 1071 1209 1151; baseline -0.001 -12"><span class='ocrx_word' id='word_1_14' title='bbox 242 1074 332 1140; x_wconf 79' lang='lat' dir='ltr'>Idem</span> <span class='ocrx_word' id='word_1_15' title='bbox 354 1073 453 1141; x_wconf 84' lang='lat' dir='ltr'><strong>habat</strong></span> <span class='ocrx_word' id='word_1_16' title='bbox 476 1073 585 1151; x_wconf 90' lang='lat' dir='ltr'><strong>Phot.‚</strong></span> <span class='ocrx_word' id='word_1_17' title='bbox 602 1073 656 1139; x_wconf 92' lang='lat' dir='ltr'><strong>ubi</strong></span> <span class='ocrx_word' id='word_1_18' title='bbox 673 1073 743 1139; x_wconf 85' lang='lat' dir='ltr'><strong>vido</strong></span> <span class='ocrx_word' id='word_1_19' title='bbox 759 1071 875 1140; x_wconf 83' lang='lat' dir='ltr'><strong>Nabar.</strong></span> <span class='ocrx_word' id='word_1_20' title='bbox 900 1072 1094 1140; x_wconf 84' lang='lat' dir='ltr'><strong>Schmidtius</strong></span> <span class='ocrx_word' id='word_1_21' title='bbox 1110 1073 1209 1151; x_wconf 82' lang='lat' dir='ltr'><strong>haec,</strong></span> 
     </span>
     <span class='ocr_line' id='line_1_5' title="bbox 200 1190 1212 1276; baseline -0.002 -17"><span class='ocrx_word' id='word_1_22' title='bbox 200 1194 303 1261; x_wconf 88' lang='lat' dir='ltr'><strong>minus</strong></span> <span class='ocrx_word' id='word_1_23' title='bbox 327 1201 413 1260; x_wconf 83' lang='lat' dir='ltr'><strong>recte</strong></span> <span class='ocrx_word' id='word_1_24' title='bbox 437 1193 636 1272; x_wconf 70' lang='lat' dir='ltr'><strong>audetur,</strong></span> <span class='ocrx_word' id='word_1_25' title='bbox 660 1214 700 1258; x_wconf 85' lang='lat' dir='ltr'><strong>ex</strong></span> <span class='ocrx_word' id='word_1_26' title='bbox 722 1193 920 1276; x_wconf 83' lang='lat' dir='ltr'><strong>Diogeniano</strong></span> <span class='ocrx_word' id='word_1_27' title='bbox 943 1190 1074 1258; x_wconf 87' lang='lat' dir='ltr'><strong>fluxisse</strong></span> <span class='ocrx_word' id='word_1_28' title='bbox 1091 1192 1212 1257; x_wconf 81' lang='lat' dir='ltr'><strong>statuit.</strong></span> 
     </span>
     <span class='ocr_line' id='line_1_6' title="bbox 199 1309 873 1411; baseline 0.001 -35"><span class='ocrx_word' id='word_1_29' title='bbox 199 1311 303 1399; x_wconf 70' lang='lat' dir='ltr'><strong>Apud,</strong></span> <span class='ocrx_word' id='word_1_30' title='bbox 326 1311 400 1378; x_wconf 87' lang='lat' dir='ltr'><strong>Hes.</strong></span> <span class='ocrx_word' id='word_1_31' title='bbox 424 1317 474 1411; x_wconf 84' lang='lat' dir='ltr'><strong>ost</strong></span> <span class='ocrx_word' id='word_1_32' title='bbox 497 1313 634 1389; x_wconf 73' lang='grc' dir='ltr'><em>ἤτριον·</em></span> <span class='ocrx_word' id='word_1_33' title='bbox 659 1309 732 1394; x_wconf 76' lang='grc' dir='ltr'><em>ὕφος</em></span> <span class='ocrx_word' id='word_1_34' title='bbox 755 1312 873 1378; x_wconf 80' lang='grc' dir='ltr'><em>λεπτόν.</em></span> 
     </span>
    </p>
   </div>
   <div class='ocr_carea' id='block_1_3' title="bbox 199 1429 1286 4125">
    <p class='ocr_par' dir='ltr' id='par_1_4' title="bbox 246 1429 1160 1512">
     <span class='ocr_line' id='line_1_7' title="bbox 246 1429 1160 1512; baseline -0.003 -14"><span class='ocrx_word' id='word_1_35' title='bbox 246 1429 349 1498; x_wconf 75' lang='lat' dir='ltr'><strong>Sahal.</strong></span> <span class='ocrx_word' id='word_1_36' title='bbox 372 1431 519 1498; x_wconf 82' lang='lat' dir='ltr'><strong>Parmon.</strong></span> <span class='ocrx_word' id='word_1_37' title='bbox 546 1432 610 1496; x_wconf 83' lang='grc'><strong>126</strong></span> <span class='ocrx_word' id='word_1_38' title='bbox 634 1429 661 1496; x_wconf 85' lang='grc' dir='ltr'><strong>Ε</strong></span> <span class='ocrx_word' id='word_1_39' title='bbox 684 1432 844 1505; x_wconf 71' lang='grc' dir='ltr'><em>Μελίτη·</em></span> <span class='ocrx_word' id='word_1_40' title='bbox 869 1431 957 1507; x_wconf 75' lang='grc' dir='ltr'><em>δῆμος</em></span> <span class='ocrx_word' id='word_1_41' title='bbox 981 1430 1160 1512; x_wconf 70' lang='grc' dir='ltr'><em>Κεκροπίδας.</em></span> 
     </span>
    </p>

    <p class='ocr_par' dir='ltr' id='par_1_5' title="bbox 246 1550 452 1618">
     <span class='ocr_line' id='line_1_8' title="bbox 246 1550 452 1618; baseline -0.01 0"><span class='ocrx_word' id='word_1_42' title='bbox 246 1550 452 1618; x_wconf 83' lang='lat' dir='ltr'><strong>Photidem.</strong></span> 
     </span>
    </p>

    <p class='ocr_par' dir='ltr' id='par_1_6' title="bbox 199 1668 1216 2464">
     <span class='ocr_line' id='line_1_9' title="bbox 245 1668 1214 1747; baseline -0.003 -12"><span class='ocrx_word' id='word_1_43' title='bbox 245 1669 321 1735; x_wconf 88' lang='lat' dir='ltr'><strong>ibid.</strong></span> <span class='ocrx_word' id='word_1_44' title='bbox 357 1671 416 1736; x_wconf 76' lang='lat'><strong>127</strong></span> <span class='ocrx_word' id='word_1_45' title='bbox 449 1670 477 1734; x_wconf 85' lang='grc' dir='ltr'><strong>Α</strong></span> <span class='ocrx_word' id='word_1_46' title='bbox 509 1671 526 1745; x_wconf 77' lang='grc' dir='ltr'><em>θ</em></span> <span class='ocrx_word' id='word_1_47' title='bbox 557 1675 613 1735; x_wconf 81' lang='grc' dir='ltr'><strong>τῶν</strong></span> <span class='ocrx_word' id='word_1_48' title='bbox 642 1670 896 1744; x_wconf 70' lang='grc' dir='ltr'><strong>Παναθηναίων</strong></span> <span class='ocrx_word' id='word_1_49' title='bbox 922 1670 1001 1744; x_wconf 67' lang='grc' dir='ltr'><em>ἑορτὴ</em></span> <span class='ocrx_word' id='word_1_50' title='bbox 1024 1668 1074 1734; x_wconf 83' lang='grc' dir='ltr'><strong>καί</strong></span> <span class='ocrx_word' id='word_1_51' title='bbox 1098 1669 1112 1733; x_wconf 85' lang='grc' dir='ltr'><em>θ</em></span> <span class='ocrx_word' id='word_1_52' title='bbox 1133 1669 1214 1747; x_wconf 79' lang='grc' dir='ltr'><em>θγθιν</em></span> 
     </span>
     <span class='ocr_line' id='line_1_10' title="bbox 199 1787 1213 1869; baseline -0.005 -15"><span class='ocrx_word' id='word_1_53' title='bbox 199 1788 280 1863; x_wconf 79' lang='grc' dir='ltr'><em>ε’τέθη</em></span> <span class='ocrx_word' id='word_1_54' title='bbox 311 1788 365 1865; x_wconf 79' lang='grc' dir='ltr'><strong>μὲν</strong></span> <span class='ocrx_word' id='word_1_55' title='bbox 394 1793 503 1867; x_wconf 78' lang='grc' dir='ltr'><em>πρῶτον</em></span> <span class='ocrx_word' id='word_1_56' title='bbox 534 1787 589 1853; x_wconf 77' lang='grc' dir='ltr'><strong>ὑπὸ</strong></span> <span class='ocrx_word' id='word_1_57' title='bbox 619 1788 792 1869; x_wconf 67' lang='grc' dir='ltr'><em>Ἐριχθονίου</em></span> <span class='ocrx_word' id='word_1_58' title='bbox 823 1793 874 1852; x_wconf 82' lang='grc' dir='ltr'><strong>τοῦ</strong></span> <span class='ocrx_word' id='word_1_59' title='bbox 897 1788 1063 1868; x_wconf 81' lang='grc' dir='ltr'><em>Ἡφαίστου</em></span> <span class='ocrx_word' id='word_1_60' title='bbox 1086 1787 1136 1851; x_wconf 72' lang='grc' dir='ltr'><strong>καὶ</strong></span> <span class='ocrx_word' id='word_1_61' title='bbox 1161 1794 1213 1859; x_wconf 73' lang='grc' dir='ltr'><strong>τῆς</strong></span> 
     </span>
     <span class='ocr_line' id='line_1_11' title="bbox 200 1906 1213 1987; baseline -0.002 -15"><span class='ocrx_word' id='word_1_62' title='bbox 200 1907 334 1984; x_wconf 73' lang='grc' dir='ltr'><em>Ἀθήνης,</em></span> <span class='ocrx_word' id='word_1_63' title='bbox 359 1906 525 1987; x_wconf 77' lang='grc' dir='ltr'><em>ὕστερονδὲ</em></span> <span class='ocrx_word' id='word_1_64' title='bbox 549 1907 603 1972; x_wconf 79' lang='grc' dir='ltr'><strong>ὑπὸ</strong></span> <span class='ocrx_word' id='word_1_65' title='bbox 628 1908 743 1977; x_wconf 63' lang='lat' dir='ltr'><strong>anctos</strong></span> <span class='ocrx_word' id='word_1_66' title='bbox 756 1906 989 1984; x_wconf 76' lang='grc' dir='ltr'><em>,συναγαγόντος</em></span> <span class='ocrx_word' id='word_1_67' title='bbox 1013 1914 1079 1977; x_wconf 81' lang='grc' dir='ltr'><em>τοὺς</em></span> <span class='ocrx_word' id='word_1_68' title='bbox 1108 1906 1213 1982; x_wconf 77' lang='grc' dir='ltr'><em>δθμους</em></span> 
     </span>
     <span class='ocr_line' id='line_1_12' title="bbox 201 2023 1214 2106; baseline -0.002 -15"><span class='ocrx_word' id='word_1_69' title='bbox 201 2027 241 2097; x_wconf 84' lang='grc' dir='ltr'><strong>είς</strong></span> <span class='ocrx_word' id='word_1_70' title='bbox 265 2023 353 2093; x_wconf 74' lang='grc' dir='ltr'><em>θστυ.</em></span> <span class='ocrx_word' id='word_1_71' title='bbox 376 2025 537 2104; x_wconf 74' lang='grc' dir='ltr'><em>ἄγεταιδὲ</em></span> <span class='ocrx_word' id='word_1_72' title='bbox 556 2026 570 2091; x_wconf 82' lang='grc' dir='ltr'><em>ὂ</em></span> <span class='ocrx_word' id='word_1_73' title='bbox 589 2027 670 2102; x_wconf 64' lang='lat' dir='ltr'><strong>tyto</strong></span> <span class='ocrx_word' id='word_1_74' title='bbox 688 2027 735 2091; x_wconf 74' lang='lat' dir='ltr'><strong>aa</strong></span> <span class='ocrx_word' id='word_1_75' title='bbox 758 2025 846 2092; x_wconf 79' lang='grc' dir='ltr'><em>πέντε</em></span> <span class='ocrx_word' id='word_1_76' title='bbox 869 2029 949 2092; x_wconf 81' lang='grc' dir='ltr'><em>ε’τῶν.</em></span> <span class='ocrx_word' id='word_1_77' title='bbox 969 2026 1017 2090; x_wconf 79' lang='grc' dir='ltr'><strong>καί</strong></span> <span class='ocrx_word' id='word_1_78' title='bbox 1039 2023 1214 2106; x_wconf 68' lang='grc' dir='ltr'><em>ἀγωνίζεται</em></span> 
     </span>
     <span class='ocr_line' id='line_1_13' title="bbox 201 2143 1216 2224; baseline 0.002 -18"><span class='ocrx_word' id='word_1_79' title='bbox 201 2150 274 2215; x_wconf 76' lang='grc' dir='ltr'><em>ταῖς</em></span> <span class='ocrx_word' id='word_1_80' title='bbox 301 2143 422 2220; x_wconf 77' lang='grc' dir='ltr'><em>Ἴσθμια</em></span> <span class='ocrx_word' id='word_1_81' title='bbox 452 2146 484 2210; x_wconf 82' lang='grc' dir='ltr'><strong>οὐ</strong></span> <span class='ocrx_word' id='word_1_82' title='bbox 507 2143 699 2223; x_wconf 72' lang='grc' dir='ltr'><em>πρεσβύτεροι</em></span> <span class='ocrx_word' id='word_1_83' title='bbox 722 2143 772 2209; x_wconf 76' lang='grc' dir='ltr'><strong>καὶ</strong></span> <span class='ocrx_word' id='word_1_84' title='bbox 792 2145 920 2223; x_wconf 75' lang='grc' dir='ltr'><em>θγένειος</em></span> <span class='ocrx_word' id='word_1_85' title='bbox 941 2144 990 2209; x_wconf 72' lang='lat' dir='ltr'><strong>xxi</strong></span> <span class='ocrx_word' id='word_1_86' title='bbox 1011 2143 1097 2224; x_wconf 78' lang='grc' dir='ltr'><em>οίνιίρ·</em></span> <span class='ocrx_word' id='word_1_87' title='bbox 1122 2148 1162 2219; x_wconf 77' lang='grc' dir='ltr'><strong>τῷ</strong></span> <span class='ocrx_word' id='word_1_88' title='bbox 1186 2144 1216 2208; x_wconf 73' lang='grc' dir='ltr'><strong>δὲ</strong></span> 
     </span>
     <span class='ocr_line' id='line_1_14' title="bbox 202 2262 1213 2344; baseline 0 -18"><span class='ocrx_word' id='word_1_89' title='bbox 202 2267 310 2328; x_wconf 77' lang='grc' dir='ltr'><em>νικῶντι</em></span> <span class='ocrx_word' id='word_1_90' title='bbox 334 2262 456 2328; x_wconf 68' lang='grc' dir='ltr'><em>διδόασιν</em></span> <span class='ocrx_word' id='word_1_91' title='bbox 478 2262 574 2328; x_wconf 78' lang='grc' dir='ltr'><em>ἔλαιον</em></span> <span class='ocrx_word' id='word_1_92' title='bbox 597 2265 625 2328; x_wconf 81' lang='grc' dir='ltr'><strong>ἕν</strong></span> <span class='ocrx_word' id='word_1_93' title='bbox 648 2265 813 2344; x_wconf 64' lang='grc' dir='ltr'><em>οίμθορεῦσι</em></span> <span class='ocrx_word' id='word_1_94' title='bbox 836 2263 887 2327; x_wconf 80' lang='grc' dir='ltr'><strong>καί</strong></span> <span class='ocrx_word' id='word_1_95' title='bbox 910 2268 1104 2344; x_wconf 71' lang='grc' dir='ltr'><em>στεφανοῦσιν</em></span> <span class='ocrx_word' id='word_1_96' title='bbox 1126 2262 1213 2327; x_wconf 79' lang='grc' dir='ltr'><em>αὐτὸν</em></span> 
     </span>
     <span class='ocr_line' id='line_1_15' title="bbox 205 2383 439 2464; baseline 0.013 -20"><span class='ocrx_word' id='word_1_97' title='bbox 205 2383 292 2464; x_wconf 76' lang='grc' dir='ltr'><em>ε’λαίμ</em></span> <span class='ocrx_word' id='word_1_98' title='bbox 314 2391 439 2464; x_wconf 74' lang='grc' dir='ltr'><em>πλεκτῇ.</em></span> 
     </span>
    </p>

    <p class='ocr_par' dir='ltr' id='par_1_7' title="bbox 203 2497 1286 3414">
     <span class='ocr_line' id='line_1_16' title="bbox 249 2497 1214 2585; baseline 0.001 -22"><span class='ocrx_word' id='word_1_99' title='bbox 249 2497 370 2565; x_wconf 83' lang='lat' dir='ltr'><strong>Eadem</strong></span> <span class='ocrx_word' id='word_1_100' title='bbox 394 2499 501 2583; x_wconf 85' lang='lat' dir='ltr'><strong>glossa</strong></span> <span class='ocrx_word' id='word_1_101' title='bbox 525 2499 641 2584; x_wconf 86' lang='lat' dir='ltr'><strong>legitur</strong></span> <span class='ocrx_word' id='word_1_102' title='bbox 664 2499 750 2584; x_wconf 90' lang='lat' dir='ltr'><strong>apud</strong></span> <span class='ocrx_word' id='word_1_103' title='bbox 774 2499 940 2585; x_wconf 65' lang='lat' dir='ltr'><strong>Phnoum,</strong></span> <span class='ocrx_word' id='word_1_104' title='bbox 971 2499 1101 2565; x_wconf 83' lang='lat' dir='ltr'><strong>Suidam</strong></span> <span class='ocrx_word' id='word_1_105' title='bbox 1126 2505 1159 2566; x_wconf 85' lang='lat' dir='ltr'><strong>st</strong></span> <span class='ocrx_word' id='word_1_106' title='bbox 1180 2500 1214 2564; x_wconf 91' lang='lat' dir='ltr'><strong>iu</strong></span> 
     </span>
     <span class='ocr_line' id='line_1_17' title="bbox 204 2618 1216 2704; baseline -0.002 -19"><span class='ocrx_word' id='word_1_107' title='bbox 204 2619 373 2702; x_wconf 82' lang='lat' dir='ltr'><strong>Excerptis</strong></span> <span class='ocrx_word' id='word_1_108' title='bbox 397 2640 437 2684; x_wconf 85' lang='lat' dir='ltr'><strong>ex</strong></span> <span class='ocrx_word' id='word_1_109' title='bbox 460 2619 593 2686; x_wconf 85' lang='lat' dir='ltr'>Eudemi</span> <span class='ocrx_word' id='word_1_110' title='bbox 618 2619 726 2684; x_wconf 83' lang='lat' dir='ltr'>codice</span> <span class='ocrx_word' id='word_1_111' title='bbox 748 2619 894 2686; x_wconf 84' lang='lat' dir='ltr'>Parisino</span> <span class='ocrx_word' id='word_1_112' title='bbox 914 2619 1000 2704; x_wconf 85' lang='lat' dir='ltr'>(vide</span> <span class='ocrx_word' id='word_1_113' title='bbox 1016 2619 1159 2704; x_wconf 85' lang='lat' dir='ltr'><strong>Boyssu‚</strong></span> <span class='ocrx_word' id='word_1_114' title='bbox 1176 2618 1216 2683; x_wconf 83' lang='lat' dir='ltr'><strong>de</strong></span> 
     </span>
     <span class='ocr_line' id='line_1_18' title="bbox 207 2737 1216 2823; baseline 0 -21"><span class='ocrx_word' id='word_1_115' title='bbox 207 2737 400 2821; x_wconf 83' lang='lat' dir='ltr'><strong>Harpocrat.</strong></span> <span class='ocrx_word' id='word_1_116' title='bbox 423 2738 484 2803; x_wconf 84' lang='lat' dir='ltr'><strong>lox.</strong></span> <span class='ocrx_word' id='word_1_117' title='bbox 501 2737 578 2804; x_wconf 83' lang='lat' dir='ltr'><strong>font.</strong></span> <span class='ocrx_word' id='word_1_118' title='bbox 595 2761 645 2822; x_wconf 85' lang='lat' dir='ltr'><strong>pg.</strong></span> <span class='ocrx_word' id='word_1_119' title='bbox 667 2739 751 2823; x_wconf 79' lang='lat'>102).</span> <span class='ocrx_word' id='word_1_120' title='bbox 775 2737 895 2803; x_wconf 85' lang='lat' dir='ltr'><strong>Graves</strong></span> <span class='ocrx_word' id='word_1_121' title='bbox 912 2738 1111 2821; x_wconf 83' lang='lat' dir='ltr'><strong>corruptelae</strong></span> <span class='ocrx_word' id='word_1_122' title='bbox 1129 2737 1216 2822; x_wconf 87' lang='lat' dir='ltr'><strong>apud</strong></span> 
     </span>
     <span class='ocr_line' id='line_1_19' title="bbox 205 2855 1217 2940; baseline 0 -20"><span class='ocrx_word' id='word_1_123' title='bbox 205 2855 354 2922; x_wconf 88' lang='lat' dir='ltr'><strong>Photium</strong></span> <span class='ocrx_word' id='word_1_124' title='bbox 380 2857 498 2940; x_wconf 89' lang='lat' dir='ltr'><strong>partim</strong></span> <span class='ocrx_word' id='word_1_125' title='bbox 521 2877 538 2922; x_wconf 88' lang='lat' dir='ltr'><strong>o</strong></span> <span class='ocrx_word' id='word_1_126' title='bbox 559 2856 659 2922; x_wconf 90' lang='lat' dir='ltr'><strong>Suida</strong></span> <span class='ocrx_word' id='word_1_127' title='bbox 674 2857 837 2922; x_wconf 79' lang='lat' dir='ltr'><strong>emendari</strong></span> <span class='ocrx_word' id='word_1_128' title='bbox 852 2863 994 2940; x_wconf 81' lang='lat' dir='ltr'><strong>possunt.</strong></span> <span class='ocrx_word' id='word_1_129' title='bbox 1019 2855 1084 2921; x_wconf 84' lang='lat' dir='ltr'><strong>Sub</strong></span> <span class='ocrx_word' id='word_1_130' title='bbox 1097 2856 1217 2933; x_wconf 87' lang='grc' dir='ltr'><em>Ἴσθμια</em></span> 
     </span>
     <span class='ocr_line' id='line_1_20' title="bbox 203 2972 1212 3060; baseline -0.001 -21"><span class='ocrx_word' id='word_1_131' title='bbox 203 2972 324 3055; x_wconf 88' lang='lat' dir='ltr'><strong>(Sohol.</strong></span> <span class='ocrx_word' id='word_1_132' title='bbox 348 2973 433 3039; x_wconf 87' lang='lat' dir='ltr'><strong>Suid.</strong></span> <span class='ocrx_word' id='word_1_133' title='bbox 457 2974 552 3060; x_wconf 85' lang='lat' dir='ltr'><strong>Eud.)</strong></span> <span class='ocrx_word' id='word_1_134' title='bbox 577 2975 624 3040; x_wconf 83' lang='lat' dir='ltr'><strong>val</strong></span> <span class='ocrx_word' id='word_1_135' title='bbox 647 2972 789 3052; x_wconf 73' lang='grc' dir='ltr'><em>Ἰσθμικοῦ</em></span> <span class='ocrx_word' id='word_1_136' title='bbox 806 2973 922 3059; x_wconf 89' lang='lat' dir='ltr'><strong>(Phot.)</strong></span> <span class='ocrx_word' id='word_1_137' title='bbox 939 2974 1040 3039; x_wconf 84' lang='lat' dir='ltr'><strong>latero</strong></span> <span class='ocrx_word' id='word_1_138' title='bbox 1057 2995 1212 3039; x_wconf 74' lang='lat' dir='ltr'><strong>annorum</strong></span> 
     </span>
     <span class='ocr_line' id='line_1_21' title="bbox 204 3075 1216 3177; baseline 0.001 -20"><span class='ocrx_word' id='word_1_139' title='bbox 204 3113 370 3158; x_wconf 80' lang='lat' dir='ltr'><strong>numerum</strong></span> <span class='ocrx_word' id='word_1_140' title='bbox 387 3097 493 3176; x_wconf 77' lang='lat' dir='ltr'><strong>patstz</strong></span> <span class='ocrx_word' id='word_1_141' title='bbox 510 3092 585 3177; x_wconf 89' lang='lat' dir='ltr'><strong>quid</strong></span> <span class='ocrx_word' id='word_1_142' title='bbox 604 3099 712 3160; x_wconf 85' lang='lat' dir='ltr'><strong>autom</strong></span> <span class='ocrx_word' id='word_1_143' title='bbox 723 3075 942 3176; x_wconf 74' lang='lat' dir='ltr'><strong>r&#39;sponsndum</strong></span> <span class='ocrx_word' id='word_1_144' title='bbox 956 3093 1014 3171; x_wconf 83' lang='lat' dir='ltr'><strong>sit,</strong></span> <span class='ocrx_word' id='word_1_145' title='bbox 1031 3113 1094 3158; x_wconf 89' lang='lat' dir='ltr'><strong>non</strong></span> <span class='ocrx_word' id='word_1_146' title='bbox 1106 3093 1216 3177; x_wconf 86' lang='lat' dir='ltr'><strong>liquet.</strong></span> 
     </span>
     <span class='ocr_line' id='line_1_22' title="bbox 204 3209 1286 3302; baseline 0 -26"><span class='ocrx_word' id='word_1_147' title='bbox 204 3211 252 3276; x_wconf 83' lang='lat' dir='ltr'><strong>Da</strong></span> <span class='ocrx_word' id='word_1_148' title='bbox 288 3209 472 3278; x_wconf 83' lang='lat' dir='ltr'><strong>Erichtouio</strong></span> <span class='ocrx_word' id='word_1_149' title='bbox 504 3211 657 3277; x_wconf 80' lang='lat' dir='ltr'><strong>Vulcani·</strong></span> <span class='ocrx_word' id='word_1_150' title='bbox 676 3217 709 3277; x_wconf 85' lang='lat' dir='ltr'><strong>ot</strong></span> <span class='ocrx_word' id='word_1_151' title='bbox 743 3211 904 3277; x_wconf 79' lang='lat' dir='ltr'><strong>Minervae</strong></span> <span class='ocrx_word' id='word_1_152' title='bbox 938 3209 1005 3277; x_wconf 89' lang='lat' dir='ltr'><strong>filio</strong></span> <span class='ocrx_word' id='word_1_153' title='bbox 1038 3210 1077 3276; x_wconf 85' lang='lat' dir='ltr'><strong>cf.</strong></span> <span class='ocrx_word' id='word_1_154' title='bbox 1100 3209 1216 3276; x_wconf 84' lang='lat' dir='ltr'><strong>Nabar.</strong></span> <span class='ocrx_word' id='word_1_155' title='bbox 1276 3279 1286 3302; x_wconf 29' lang='lat' dir='ltr'>N</span> 
     </span>
     <span class='ocr_line' id='line_1_23' title="bbox 203 3327 1125 3414; baseline 0.002 -22"><span class='ocrx_word' id='word_1_156' title='bbox 203 3327 325 3414; x_wconf 78' lang='lat' dir='ltr'><strong>Prolog.</strong></span> <span class='ocrx_word' id='word_1_157' title='bbox 348 3351 402 3414; x_wconf 84' lang='lat' dir='ltr'><strong>pg.</strong></span> <span class='ocrx_word' id='word_1_158' title='bbox 427 3330 478 3395; x_wconf 85' lang='lat'><strong>60.</strong></span> <span class='ocrx_word' id='word_1_159' title='bbox 1124 3387 1125 3394; x_wconf 74' lang='grc'>,</span> 
     </span>
    </p>

    <p class='ocr_par' dir='ltr' id='par_1_8' title="bbox 204 3441 1217 3774">
     <span class='ocr_line' id='line_1_24' title="bbox 249 3441 1216 3534; baseline -0.003 -22"><span class='ocrx_word' id='word_1_160' title='bbox 249 3444 352 3514; x_wconf 82' lang='lat' dir='ltr'><strong>Schol.</strong></span> <span class='ocrx_word' id='word_1_161' title='bbox 384 3446 505 3514; x_wconf 85' lang='lat' dir='ltr'>Philsb.</span> <span class='ocrx_word' id='word_1_162' title='bbox 538 3447 633 3514; x_wconf 86' lang='lat' dir='ltr'><strong>3OD</strong></span> <span class='ocrx_word' id='word_1_163' title='bbox 664 3447 860 3534; x_wconf 77' lang='grc' dir='ltr'><em>γενοθστυς</em></span> <span class='ocrx_word' id='word_1_164' title='bbox 891 3448 905 3510; x_wconf 86' lang='grc' dir='ltr'><em>θ</em></span> <span class='ocrx_word' id='word_1_165' title='bbox 937 3441 990 3512; x_wconf 69' lang='grc' dir='ltr'><em>οἷον</em></span> <span class='ocrx_word' id='word_1_166' title='bbox 1016 3447 1174 3523; x_wconf 68' lang='grc' dir='ltr'><em>γεννήτης,</em></span> <span class='ocrx_word' id='word_1_167' title='bbox 1199 3447 1216 3520; x_wconf 75' lang='grc' dir='ltr'>ἢ</span> 
     </span>
     <span class='ocr_line' id='line_1_25' title="bbox 204 3563 1217 3646; baseline 0.002 -18"><span class='ocrx_word' id='word_1_168' title='bbox 204 3566 370 3644; x_wconf 75' lang='grc' dir='ltr'><em>συγγενίς,</em></span> <span class='ocrx_word' id='word_1_169' title='bbox 394 3563 411 3640; x_wconf 77' lang='grc' dir='ltr'>ἢ</span> <span class='ocrx_word' id='word_1_170' title='bbox 436 3565 572 3645; x_wconf 80' lang='grc' dir='ltr'><em>ἔγγονος,</em></span> <span class='ocrx_word' id='word_1_171' title='bbox 600 3563 637 3630; x_wconf 76' lang='grc' dir='ltr'><strong>ὦν</strong></span> <span class='ocrx_word' id='word_1_172' title='bbox 660 3565 885 3632; x_wconf 76' lang='grc' dir='ltr'><em>τὸτελευταῖον</em></span> <span class='ocrx_word' id='word_1_173' title='bbox 909 3565 1077 3646; x_wconf 75' lang='grc' dir='ltr'><em>ἐκδέχεσθαι</em></span> <span class='ocrx_word' id='word_1_174' title='bbox 1101 3564 1217 3644; x_wconf 86' lang='grc' dir='ltr'><em>ίίμεινον</em></span> 
     </span>
     <span class='ocr_line' id='line_1_26' title="bbox 206 3679 561 3774; baseline 0 -24"><span class='ocrx_word' id='word_1_175' title='bbox 206 3679 235 3771; x_wconf 75' lang='grc' dir='ltr'><strong>[ἢ</strong></span> <span class='ocrx_word' id='word_1_176' title='bbox 258 3684 272 3750; x_wconf 82' lang='grc' dir='ltr'><em>θ</em></span> <span class='ocrx_word' id='word_1_177' title='bbox 295 3679 348 3749; x_wconf 84' lang='grc' dir='ltr'><em>οίον</em></span> <span class='ocrx_word' id='word_1_178' title='bbox 371 3681 561 3774; x_wconf 80' lang='grc' dir='ltr'><em>γεννιιτικίς].</em></span> 
     </span>
    </p>

    <p class='ocr_par' dir='ltr' id='par_1_9' title="bbox 205 3800 1217 4125">
     <span class='ocr_line' id='line_1_27' title="bbox 230 3800 1216 3888; baseline -0.002 -18"><span class='ocrx_word' id='word_1_179' title='bbox 230 3801 382 3870; x_wconf 81' lang='lat' dir='ltr'><strong>Unoinis</strong></span> <span class='ocrx_word' id='word_1_180' title='bbox 404 3800 530 3869; x_wconf 78' lang='lat' dir='ltr'><strong>inclusa</strong></span> <span class='ocrx_word' id='word_1_181' title='bbox 551 3822 592 3868; x_wconf 85' lang='lat' dir='ltr'><strong>ex</strong></span> <span class='ocrx_word' id='word_1_182' title='bbox 614 3800 774 3888; x_wconf 81' lang='lat' dir='ltr'><strong>Hesychio</strong></span> <span class='ocrx_word' id='word_1_183' title='bbox 799 3808 890 3882; x_wconf 86' lang='lat' dir='ltr'><strong>sunt;</strong></span> <span class='ocrx_word' id='word_1_184' title='bbox 913 3806 1021 3868; x_wconf 83' lang='lat' dir='ltr'><strong>cetera</strong></span> <span class='ocrx_word' id='word_1_185' title='bbox 1037 3823 1077 3868; x_wconf 85' lang='lat' dir='ltr'><strong>sx</strong></span> <span class='ocrx_word' id='word_1_186' title='bbox 1091 3802 1216 3870; x_wconf 83' lang='lat' dir='ltr'><strong>Boetho</strong></span> 
     </span>
     <span class='ocr_line' id='line_1_28' title="bbox 205 3917 1211 4003; baseline 0.001 -17"><span class='ocrx_word' id='word_1_187' title='bbox 205 3939 275 3986; x_wconf 81' lang='lat' dir='ltr'><strong>essa</strong></span> <span class='ocrx_word' id='word_1_188' title='bbox 288 3923 391 4003; x_wconf 88' lang='lat' dir='ltr'><strong>-putat</strong></span> <span class='ocrx_word' id='word_1_189' title='bbox 414 3918 628 3999; x_wconf 80' lang='lat' dir='ltr'><strong>Mettauorus3</strong></span> <span class='ocrx_word' id='word_1_190' title='bbox 652 3919 765 3986; x_wconf 83' lang='lat' dir='ltr'><strong>eadam</strong></span> <span class='ocrx_word' id='word_1_191' title='bbox 780 3919 879 3986; x_wconf 83' lang='lat' dir='ltr'><strong>habet</strong></span> <span class='ocrx_word' id='word_1_192' title='bbox 895 3917 1022 3986; x_wconf 86' lang='lat' dir='ltr'><strong>Suidas.</strong></span> <span class='ocrx_word' id='word_1_193' title='bbox 1061 3921 1211 3987; x_wconf 87' lang='lat' dir='ltr'><strong>Formam</strong></span> 
     </span>
     <span class='ocr_line' id='line_1_29' title="bbox 205 4038 1217 4125; baseline 0.001 -21"><span class='ocrx_word' id='word_1_194' title='bbox 205 4039 362 4116; x_wconf 80' lang='grc' dir='ltr'><em>γενοθστυς</em></span> <span class='ocrx_word' id='word_1_195' title='bbox 398 4038 453 4103; x_wconf 88' lang='lat' dir='ltr'><strong>alii</strong></span> <span class='ocrx_word' id='word_1_196' title='bbox 488 4038 681 4119; x_wconf 82' lang='lat' dir='ltr'><strong>defendunt,</strong></span> <span class='ocrx_word' id='word_1_197' title='bbox 715 4039 770 4105; x_wconf 80' lang='lat' dir='ltr'><strong>aiii</strong></span> <span class='ocrx_word' id='word_1_198' title='bbox 804 4061 844 4105; x_wconf 82' lang='lat' dir='ltr'><strong>ex</strong></span> <span class='ocrx_word' id='word_1_199' title='bbox 875 4039 974 4116; x_wconf 74' lang='grc' dir='ltr'><em>γένους</em></span> <span class='ocrx_word' id='word_1_200' title='bbox 1005 4046 1056 4104; x_wconf 82' lang='grc' dir='ltr'><strong>τοῦ</strong></span> <span class='ocrx_word' id='word_1_201' title='bbox 1089 4042 1217 4125; x_wconf 84' lang='lat' dir='ltr'>(nempe</span> 
     </span>
    </p>
   </div>
   <div class='ocr_carea' id='block_1_4' title="bbox 205 4266 1218 4446">
    <p class='ocr_par' dir='ltr' id='par_1_10' title="bbox 205 4266 1218 4446">
     <span class='ocr_line' id='line_1_30' title="bbox 205 4266 1218 4356; baseline 0 -17"><span class='ocrx_word' id='word_1_202' title='bbox 205 4274 373 4355; x_wconf 78' lang='grc' dir='ltr'><em>θτθνρισιν,</em></span> <span class='ocrx_word' id='word_1_203' title='bbox 406 4273 448 4340; x_wconf 84' lang='grc' dir='ltr'><strong>θτι</strong></span> <span class='ocrx_word' id='word_1_204' title='bbox 473 4281 535 4347; x_wconf 83' lang='grc' dir='ltr'><em>νοῦς</em></span> <span class='ocrx_word' id='word_1_205' title='bbox 558 4273 621 4339; x_wconf 78' lang='grc' dir='ltr'><strong>ἐστὶ</strong></span> <span class='ocrx_word' id='word_1_206' title='bbox 646 4274 746 4352; x_wconf 85' lang='grc' dir='ltr'><em>γένους</em></span> <span class='ocrx_word' id='word_1_207' title='bbox 769 4281 820 4340; x_wconf 82' lang='grc' dir='ltr'><strong>τοῦ</strong></span> <span class='ocrx_word' id='word_1_208' title='bbox 843 4275 960 4341; x_wconf 82' lang='grc' dir='ltr'><em>τισίντων</em></span> <span class='ocrx_word' id='word_1_209' title='bbox 983 4266 1075 4342; x_wconf 89' lang='grc' dir='ltr'><em>αίτίου</em></span> <span class='ocrx_word' id='word_1_210' title='bbox 1097 4276 1218 4356; x_wconf 77' lang='grc' dir='ltr'><em>λεχθέν-</em></span> 
     </span>
     <span class='ocr_line' id='line_1_31' title="bbox 1103 4391 1119 4446; baseline 0 0"><span class='ocrx_word' id='word_1_211' title='bbox 1103 4391 1119 4446; x_wconf 82' lang='grc'><strong>7</strong></span> 
     </span>
    </p>
   </div>
   <div class='ocr_carea' id='block_1_5' title="bbox 0 0 1590 5074">
    <p class='ocr_par' dir='ltr' id='par_1_11' title="bbox 0 0 1590 5074">
     <span class='ocr_line' id='line_1_32' title="bbox 0 0 1590 5074; baseline 0 0"><span class='ocrx_word' id='word_1_212' title='bbox 0 0 1590 5074; x_wconf 95' lang='lat' dir='ltr'><strong> </strong></span> 
     </span>
    </p>
   </div>
  </div>
 </body>
</html>
