3150 5080
287 1569 475 1634 Academiae
504 1569 573 1633 uate
603 1568 727 1633 dietura
757 1567 841 1632 uitii
862 1566 941 1631 mitti
962 1573 1061 1630 restat
1082 1565 1251 1630 iueuudius

239 1722 335 1788 quum
367 1709 404 1767 ut
439 1702 544 1786 pratil
562 1702 661 1765 auimi
694 1720 817 1764 sursum
853 1699 1024 1785 sipuifieem
1058 1719 1133 1784 erpa
1166 1701 1250 1763 uiros

233 1835 541 1920 praestantissimus,
578 1835 635 1919 qui
664 1833 889 1918 Praeceptares
919 1832 998 1896 mitti
1032 1834 1250 1917 eoutiperuut;

237 1967 385 2051 inprimis
415 1986 490 2050 erpa
525 1964 585 2047 Te,
618 1965 719 2029 Pater
748 1964 933 2047 Carissime,
966 1966 1022 2049 qui
1039 1985 1096 2044 ¹me
1112 1964 1250 2049 puerum

241 2098 356 2162 teatinae
389 2097 514 2181 tiupua'e
545 2103 574 2160 et
601 2117 732 2181 praeeae
763 2097 918 2160 elemeutis
949 2097 996 2160 ita
1027 2095 1182 2179 imbuisti,
1213 2103 1251 2160 ut

233 2250 296 2313 per
319 2234 415 2292 totam
437 2229 534 2290 uitam
556 2228 763 2291 iustitutionis
791 2225 877 2290 Tuae
899 2225 1025 2309 fruetus
1040 2234 1249 2313 percepturus

238 2362 305 2423 sim.
353 2358 449 2423 Nuus
479 2361 578 2444 ipitur
595 2359 710 2444 putam
730 2360 854 2443 pratius
879 2379 975 2443 quum
996 2361 1150 2424 maaimus
1179 2359 1250 2424 Tibi

239 2491 337 2574 affero
354 2512 418 2576 pra
441 2492 564 2577 eprepia
586 2491 647 2555 uu
669 2492 881 2574 iustitutiaue,
905 2511 1001 2577 quam
1020 2493 1098 2556 satis
1116 2492 1248 2557 muctare

241 2642 366 2706 aeques.

285 2752 486 2816 Permultum
512 2752 582 2816 Tibi
600 2773 647 2815 me
662 2752 784 2835 debere,
808 2754 986 2817 Clarissima
1006 2773 1075 2818 vua
1091 2774 1251 2822 Hsswsu·

243 2901 321 2968 sss,
334 2884 503 2948 Promotou
511 2885 795 2968 Aestumatissime,
811 2885 1084 2971 tubeusprofitear.
1101 2889 1252 2955 'Publicis

236 3017 436 3101 priuatisque
468 3015 647 3079 leetiauibus
670 3015 777 3080 studia
799 3038 869 3080 mea
890 3017 1016 3102 fovisti,
1041 3023 1132 3084 rectis
1155 3025 1252 3086 causi·

245 3147 295 3211 liis
326 3167 372 3209 me
396 3146 547 3210 adiuvisti
570 3153 600 3210 et
619 3147 734 3232 ubique
757 3146 995 3213 beueualeutiam
1022 3149 1125 3216 Tuum
1147 3155 1181 3216 iu
1204 3175 1250 3218 me

138 3301 140 3304 ·
237 3280 436 3362 praestitisti.
483 3278 679 3342 Persuasum
713 3278 784 3342 riu
816 3279 923 3344 habeto
961 3303 1008 3345 me
1039 3282 1112 3346 itaer
1135 3305 1253 3370 semper

241 3415 335 3493 prato
358 3409 464 3472 auimo
487 3408 735 3473 recordaturum.

299 3538 411 3621 Vatis,
443 3538 516 3603 Viri
539 3539 716 3604 Clarissimi
740 3557 935 3624 opzoouss,
959 3560 1104 3627 wuuus,
1129 3565 1255 3613 sussc-

247 3677 334 3752 ms,
359 3671 498 3734 mauima
520 3677 550 3734 et
565 3678 722 3754 perpetua
738 3673 846 3756 pratia
862 3693 882 3735 a
897 3693 944 3735 me
960 3672 1129 3738 iubebitur.
1162 3678 1254 3745 Nuu-

249 3819 345 3884 quum
366 3821 429 3864 uau
448 3800 589 3885 paudebo
612 3823 659 3865 me
683 3803 822 3866 lectiones
848 3801 976 3866 Vestras
991 3803 1254 3895 frequeutuuisse,

246 3929 330 3994 uude
355 3928 526 4008 uberrimos
549 3931 675 4013 fruetus
698 3940 727 3997 et
753 3939 825 3995 tuue
848 3952 918 3996 eum
935 3935 1109 4000 'iutereraru
1131 3945 1256 4028 percepi
1322 4013 1326 4017 ,
1349 3929 1350 3932 “

248 4068 278 4125 et
304 4082 387 4126 uuuc
404 4064 556 4147 percipio.
606 4063 689 4142 Quid
711 4063 793 4127 uobis
816 4062 957 4147 debeam,
988 4064 1060 4130 Viri
1082 4067 1255 4139 Praestam-

251 4195 378 4276 tissimi,
410 4215 574 4298 piusquam
604 4195 784 4278 obtiviscar,
816 4195 891 4259 ctum
921 4200 1053 4282 spiritus
1089 4201 1143 4266 tuos
1176 4212 1257 4292 repit

250 4332 350 4390 artus.
