3150 5080
856 626 901 688 40

368 833 493 908 ἡμερῶν,
518 832 578 906 ίρτοι
601 829 646 902 λς’
667 831 684 904 ἢ
704 836 748 906 λη’
770 829 855 906 ἣλέ,
902 833 1068 896 ἐκαλοῦντο.
1109 832 1158 894 καί
1194 830 1379 910 έπρυτοίνευον

367 947 403 1020 ἃς
433 950 543 1021 έκιίστη
566 951 648 1031 Φυλη
671 948 855 1026 πρυτανεύειν
899 957 982 1014 κατα
1005 951 1180 1029 πρυτανείαν
1197 950 1229 1014 ἐκ
1241 949 1378 1029 διαδοχῆς

367 1069 500 1144 λέγεται.
517 1067 560 1144 ιβ’
573 1068 626 1143 μὲν
637 1069 697 1145 γὰρ
708 1069 732 1133 οί
744 1075 848 1144 μῆνες,
896 1069 1046 1142 οδλλιίλαις
1070 1069 1101 1131 αἱ
1126 1068 1224 1146 φυλαί
1249 1067 1297 1132 δια
1316 1069 1378 1132 τού·

367 1185 387 1251 ι’
410 1186 440 1251 δέ
456 1186 508 1250 είσι
525 1193 713 1265 πρυτανείαν,
730 1187 779 1250 καί
793 1193 853 1266 Φυ·
898 1211 955 1251 τιον
984 1193 1040 1252 τῶν
1067 1188 1183 1263 ἀνδρῶν.
1208 1187 1301 1266 κλήρῳ
1324 1200 1380 1250 λα-

367 1304 419 1369 λού
442 1302 472 1368 ι’.
496 1303 545 1368 καί
566 1305 708 1386 διῄρηνται
728 1304 767 1375 είς
782 1302 853 1368 ταύ-
899 1303 1022 1385 χίντοον.
1050 1302 1100 1368 καί
1127 1310 1212 1369 τοῦτο
1244 1306 1379 1369 ἐκαλεῖτο

368 1446 423 1494 τας
446 1423 477 1487 αί
501 1423 604 1504 ἡμέραι
628 1429 678 1488 τοῦ
706 1425 852 1488 ἐνιαυτοῦ·
899 1423 1094 1502 πρυτανεύειν.

367 1543 448 1606 κατὀδ
470 1539 530 1620 τδρ
542 1543 663 1616 σελήνην
674 1539 779 1618 ι’ίγουσι
791 1546 854 1606 τοῦ·
922 1542 1124 1621 Πρυτανεία
1143 1541 1180 1605 τί
1202 1543 1294 1606 ἐστι·
1312 1543 1378 1604 καί,-

367 1681 435 1733 τον,
458 1659 495 1730 ύς
516 1657 628 1740 έκιέστη
651 1663 707 1724 τῶν
728 1657 748 1723 ι’
771 1667 877 1740 φυλῇΧ
901 1663 999 1730 ολικῦς
1018 1660 1072 1737 μέν
1089 1662 1106 1735 ἡ
1122 1659 1283 1740 πρυτανεία
1302 1659 1378 1736 νίριί-

368 1776 542 1852 ἐπιβάλλειν
564 1777 608 1841 λε’
627 1771 856 1856 mammo-
900 1777 954 1856 μδς
985 1781 1095 1857 ἡμερῶν
1123 1777 1277 1858 τριύκοντα
1306 1775 1342 1854 ἓξ
1364 1781 1381 1854 ἢ

368 1894 461 1976 νοίζειν
484 1895 513 1960 δὲ
535 1895 651 1973 ίλίρας.
675 1895 714 1961 διδ
737 1895 786 1960 καί
799 1897 854 1967 τδς
900 1895 1054 1977 τριοίιιοντα
1081 1896 1185 1974 πέντε,
1211 1894 1247 1970 ἃς
1270 1896 1380 1970 έκοίστη

367 2016 473 2086 λοιπίις
495 2015 649 2080 ἀπέδωκαν
670 2015 694 2078 οἱ
711 2015 853 2088 Ἀθηναῖοι
898 2017 980 2097 φυλίι
1018 2017 1204 2095 πρυτανεύειν
1242 2015 1379 2091 λέγεται.

368 2139 435 2203 ταῖς
458 2131 584 2212 πρύτανι
607 2132 774 2212 λαχούσαις
790 2131 855 2197 τέτ-
901 2132 1101 2209 ἐκτεταμένως
1128 2133 1156 2196 δέ
1179 2132 1229 2197 καί
1252 2134 1380 2206 ίηλυκῦς

369 2274 453 2328 ταρσι
476 2258 607 2332 φυλαῖς,
624 2247 670 2316 ίνα
683 2251 856 2328 έκείνανμέν
903 2254 920 2324 ἡ
944 2253 1103 2332 πρυτανεία
1126 2251 1231 2331 ῥητέον.

369 2369 478 2445 ἑκοίστη
507 2369 563 2441 τδρ
585 2368 631 2440 λς’
656 2369 764 2450 ἡμέρας
787 2393 857 2448 πρυ-
947 2378 1166 2450 Πρυτανεῖα·
1197 2367 1329 2450 ἀργύριόν
1355 2372 1386 2433 τί

370 2487 493 2566 τανεύη,
516 2489 548 2552 αι’
571 2487 600 2551 δὲ
622 2489 722 2552 λοιπαί
744 2485 776 2560 ἓξ
800 2488 859 2554 οίοοδ
904 2491 990 2563 έστιν,
1015 2487 1028 2554 ὃ
1052 2489 1242 2554 κατετίύεσαν
1266 2489 1289 2553 οἱ
1306 2488 1384 2552 δικα-

370 2606 426 2672 λε’.
462 2613 622 2681 πρυτανεῖα
656 2606 685 2671 δὲ
712 2607 858 2688 οὐδετέρας
904 2607 1026 2688 ζύμενοι.
1057 2606 1206 2685 οὐδετέρως
1237 2606 1267 2670 δέ
1289 2607 1385 2687 ῥητέον

371 2727 428 2806 ούχ
450 2724 665 2806 εύρηται.,τινές
685 2725 715 2790 δὲ
726 2727 858 2807 ἀργύριόν
904 2729 943 2792 τοὶ
967 2734 1137 2805 πρυτανεῖα.

372 2872 418 2923 τι,
453 2843 466 2910 δ
500 2847 691 2912 κατατίθεται
723 2845 778 2910 ὑπὸ
805 2853 860 2912 τῶν

372 2962 575 3050 δικαζομένων,
607 2964 656 3029 καί
688 2962 797 3030 δίδοται
821 2963 859 3028 δ·

372 3084 509 3148 καστικδν
531 3089 590 3153 τοῖς
614 3081 833 3163 ἑξακισχιλίοις.

419 3202 540 3269 Similia
558 3202 709 3286 leguntur
729 3201 817 3286 apud
835 3200 1001 3269 Photium:
1025 3204 1240 3281 πρυτανεία·
1264 3203 1385 3266 ἐκτετα-

373 3321 464 3400 μένως
491 3325 544 3396 μὲν
574 3322 623 3386 καί
655 3324 781 3395 ίηλυκῦς
811 3322 928 3400 οὶριίμίι
959 3345 1003 3392 τις
1032 3324 1158 3397 ἡμερῶν·
1181 3320 1329 3397 οὐδετέρως
1354 3320 1384 3384 δὲ

372 3447 477 3521 σαφοῦς
512 3441 566 3518 μέν
599 3440 687 3511 οὐδεὶς
721 3437 800 3505 είπεν
833 3445 863 3504 τί
896 3440 992 3513 δηλοῖ·
1028 3439 1100 3510 τινὲς
1136 3439 1166 3502 δὲ
1197 3439 1329 3520 ἀργύριόν
1356 3465 1385 3504 τι

375 3562 492 3642 ἔφασαν
523 3555 594 3624 εἶναι
605 3607 614 3636 ,
645 3557 659 3624 ὃ
689 3561 879 3625 κατετίύεσαν
912 3561 936 3625 οἱ
959 3558 1152 3640 δικαζόμενοι,
1178 3558 1210 3634 ἕξ
1233 3557 1269 3626 ὧν
1293 3559 1325 3624 τὸ
1347 3559 1386 3625 δι·

375 3679 511 3744 καττικδν
543 3679 647 3744 ἐδίδοτο
678 3685 737 3750 τοῖς
768 3677 993 3758 ἑξακισχιλίοις·
1022 3685 1191 3759 πρυτανεῖαι
1215 3677 1249 3763 (l.
1274 3702 1387 3758 πρυτα-

375 3801 449 3879 νεία)
473 3798 503 3861 δὲ
525 3798 539 3861 ὁ
562 3802 618 3861 τῦν
641 3797 750 3876 ἡμερῶν
774 3798 907 3876 οίριύμός·
932 3795 1002 3861 δέκα
1024 3796 1149 3874 ἐγίνοντο
1161 3800 1234 3862 κατ’
1246 3798 1384 3867 ἐνιαυτόν.

376 3914 417 3981 ίτι
440 3918 491 3980 καί
514 3915 582 3980 δέκα
606 3915 637 3978 αἱ
661 3916 775 3995 Φυλαί·
797 3915 857 4000 (καί
881 3917 1024 4000 διῄρηνται
1052 3917 1091 3988 είς
1106 3916 1222 3989 ταύτας
1235 3920 1266 3983 αἱ
1281 3921 1385 3995 ἡμέραν

375 4042 426 4100 τοῦ
449 4037 609 4116 ε’νιαυτοῦ)·
634 4033 761 4098 ἐνιαυτὸν
785 4033 861 4098 δὲοὶ
885 4036 1027 4108 Ἀθηναῖοι
1051 4035 1099 4099 τὸν
1122 4037 1289 4112 σεληνιακὸν
1301 4033 1385 4112 ἦνον·

376 4154 526 4231 ἐπέβαλεν
561 4152 594 4234 (ί.
628 4151 786 4233 ἐπέβαλον)
820 4152 849 4216 δὲ
883 4152 993 4234 ἑκαστῇ
1028 4161 1110 4233 Φυλῇ
1147 4159 1201 4217 τῶν
1236 4154 1306 4218 δέκα
1338 4152 1385 4218 λε’

376 4273 484 4352 ἡμέρας
515 4274 562 4336 καί
595 4272 774 4351 ἐπερίττευεν
803 4272 835 4336 ἐκ
861 4278 911 4339 τοῦ
934 4277 1103 4342 σεληνιακοῦ
1130 4273 1259 4340 ἐνιαυτοῦ
1283 4273 1386 4353 ἡμέραν
