3154 5074
853 569 898 636 66

375 780 527 856 epyrum,
560 753 599 844 hl.
631 776 685 860 (cl'.
718 777 810 846 Phot.
841 780 874 845 in
906 781 955 846 his
979 781 1058 865 vu),
1083 787 1139 846 aut
1164 763 1267 847 minus
1290 782 1387 848 docta

374 897 483 982 glossa
512 897 641 964 aliunde
665 897 767 980 petita
792 899 926 964 mutavit
948 899 1001 982 (cf.
1027 898 1132 965 Schol.
1156 899 1275 965 Phaed.
1301 901 1387 965 6513

375 1011 474 1098 ἥδ’ὅς,
501 1015 606 1101 Symp.
632 1017 698 1082 193
721 1016 747 1080 A
774 1017 898 1097 ticam,
920 1017 1056 1084 Phaedr.
1080 1018 1145 1085 236
1169 1017 1196 1082 Β
1219 1020 1386 1098 Κυψελιδῶν

373 1136 530 1214 ἀνάθημα,
546 1135 622 1200 ibid.
646 1135 711 1200 242
734 1135 931 1215 Acratrro'v,
956 1135 1056 1202 Alcib.
1082 1136 1112 1202 l:
1141 1139 1203 1202 120
1226 1137 1386 1216 Αδρτυγσ-

373 1253 477 1335 τράφον
508 1276 578 1319 oum
610 1254 756 1338 Photio)‚
790 1255 835 1321 sie
866 1257 899 1320 in
929 1255 991 1322 hac
1023 1255 1117 1321 illave
1140 1256 1249 1338 glossa
1271 1255 1386 1323 Boethi

373 1373 441 1457 ipse
465 1375 582 1455 χρήσεις
605 1375 781 1440 resonuisse
798 1375 959 1458 putandus
975 1378 1033 1439 est.
1055 1372 1101 1439 cf.
1119 1373 1223 1441 Schol.
1238 1375 1384 1440 Parmen.

375 1493 436 1557 121
469 1492 496 1557 Β
525 1491 662 1568 παιδικά,
694 1491 813 1557 Phileb.
847 1491 890 1558 56
915 1491 942 1556 Ε
965 1491 1172 1573 τευταζάντων.
1219 1493 1383 1558 Interdum

371 1615 479 1677 autem
502 1609 673 1696 ampliores
689 1631 760 1675 esse
777 1611 822 1675 nil
838 1610 969 1689 mirum;
986 1631 1062 1675 nam
1078 1617 1115 1676 ut
1130 1611 1217 1695 apud
1234 1611 1381 1677 Photium

371 1730 607 1796 observationes
642 1749 682 1792 ex
712 1727 822 1794 lexicis
851 1727 1017 1794 rhetoricis
1041 1735 1211 1796 truncatae
1234 1735 1268 1795 et
1290 1731 1385 1796 muti·

371 1848 457 1914 latae
479 1854 512 1913 et
534 1854 723 1912 contractae
746 1850 837 1924 sunt,
859 1845 905 1910 sic
921 1846 1005 1911 idem
1019 1845 1136 1912 Boethi
1151 1847 1384 1914 observationi·

370 1966 430 2030 bus
463 1965 514 2030 hic
544 1964 612 2029 illic
637 1962 793 2029 accidisse
816 1961 968 2029 credibile
992 1969 1049 2029 est.
1073 1963 1112 2030 cf.
1138 1963 1242 2030 Schol
1265 1964 1384 2030 Phaod.

371 2085 413 2151 72
437 2084 461 2149 C
483 2086 564 2162 ὁμοῦ,
588 2081 725 2166 Sophist.
749 2083 814 2147 220
829 2082 857 2146 Α
872 2080 962 2160 ἄττα,
979 2081 1155 2167 Hipparoh.
1172 2083 1237 2148 229
1256 2083 1284 2148 D
1300 2085 1383 2163 τέως,

370 2201 487 2286 Theeg.
511 2203 571 2267 127
590 2199 615 2266 G
630 2199 773 2280 ἔμβραχυ
791 2221 862 2265 cum
879 2200 993 2266 Photio
1010 2199 1141 2286 (Suida)
1157 2201 1191 2266 in
1209 2201 1322 2267 iisdem
1337 2224 1383 2266 vs·

415 2319 482 2386 Iam
514 2326 689 2402 antequam
721 2319 761 2383 ad
794 2319 883 2400 ipsas
916 2318 1031 2384 Boethi
1062 2319 1202 2403 glossae,
1235 2339 1321 2403 quae
1350 2321 1383 2385 in

370 2437 504 2503 Scholiis
528 2442 718 2512 occurrunt,
743 2436 914 2513 accedam,
938 2437 1050 2519 paucis
1076 2436 1247 2503 dicendum
1270 2447 1321 2504 est
1343 2439 1383 2504 de

370 2578 479 2624 earum
511 2557 631 2640 origiue
662 2561 759 2639 atque
790 2559 917 2621 natura.
964 2553 1096 2620 Scilicet
1118 2556 1168 2620 his
1192 2555 1324 2640 glossis,
1348 2565 1384 2622 ut

369 2675 489 2741 Naberi
521 2673 623 2739 verbis
646 2679 727 2749 utar,
755 2673 847 2756 „ipsa
871 2671 1006 2738 historia
1030 2673 1201 2756 attingitur
1223 2681 1256 2739 et
1277 2654 1382 2740 mores

370 2799 527 2872 veterum,
550 2791 718 2876 proverbia
741 2790 913 2873 imprimis,
937 2791 1030 2856 docte
1053 2797 1209 2857 ornantur
1226 2798 1258 2858 et
1273 2795 1381 2860 multis

370 2913 560 2996 scriptorum
578 2909 820 2975 auctoritatibus
837 2907 1048 2974 muniuntur.”
1081 2909 1162 2975 Esse
1177 2916 1284 2976 tamen
1304 2911 1382 2976 satis
1408 2956 1411 2968 ·

370 3031 504 3108 multas,
536 3048 620 3112 quae
652 3028 685 3090 in
716 3047 805 3092 mera
836 3027 1005 3092 verborum
1027 3027 1291 3112 interpretatione
1315 3051 1382 3095 ver-

371 3157 490 3226 sentur,
521 3147 576 3230 qui
608 3145 691 3210 volet
723 3144 848 3210 ridebit
895 3143 1032 3210 Summis
1061 3145 1209 3211 laudibus
1234 3146 1381 3212 ohserva-

370 3269 491 3333 tionum
531 3265 645 3329 harum
686 3269 848 3328 auctorem
888 3261 981 3329 effert
1015 3262 1171 3347 Cobotes,
1208 3285 1312 3347 neque
1347 3265 1379 3329 id

369 3385 503 3461 iniuria3
528 3381 583 3448 sed
606 3383 641 3447 in
665 3402 702 3446 eo
717 3382 769 3445 vir
780 3381 1046 3447 summusfalsus.
1058 3402 1128 3447 esse
1144 3383 1277 3462 videtur,
1294 3382 1379 3466 quod
1424 3399 1426 3402 ·

316 3581 318 3586 ¹
369 3525 434 3568 non
469 3503 674 3585 scriptorem,
711 3499 767 3565 sed
798 3500 1045 3584 descriptorem,
1077 3501 1205 3565 doctum
1236 3522 1315 3566 sano
1346 3508 1379 3567 et

369 3623 563 3706 elegantem,
588 3618 817 3702 descriptorem
839 3623 963 3698 tamen,
986 3618 1173 3684 laudaverit.
1206 3618 1278 3684 Non
1295 3619 1378 3684 enim

369 3741 510 3807 Boethus
533 3739 645 3804 harum
669 3736 922 3803 observationum
946 3743 1039 3821 pater
1062 3745 1160 3821 atque
1183 3747 1377 3818 auctorest,

369 3861 424 3926 sed
448 3857 650 3942 Pamphilus3
674 3855 725 3921 vel
747 3857 854 3940 potius
879 3878 917 3922 ne
942 3855 1127 3941 Pamphilus
1152 3857 1299 3940 quidem,
1322 3860 1377 3924 sed

368 3978 434 4062 illi,
476 3997 556 4061 quos
592 3974 778 4059 Pamphilus
819 3976 1011 4059 sequebatur
1046 3983 1078 4042 et
1112 3977 1147 4040 in
1180 3977 1283 4042 lexico
1318 3998 1377 4043 suo

368 4097 533 4163 condendo
561 4093 748 4170 adhibebat,
772 4094 925 4178 Didymus
949 4094 1123 4179 imprimis,
1139 4094 1377 4173 Artemidorus,

367 4214 539 4292 Heracleo,
563 4213 626 4278 alii.
662 4211 742 4276 Vide
763 4233 864 4307 supra
887 4234 936 4297 pg.
961 4211 990 4277 5.
1025 4211 1095 4277 Hoc
1114 4211 1222 4277 multis
1238 4221 1271 4278 et
1286 4212 1377 4278 lucu-
