3154 5074
690 621 733 686 83

204 829 321 914 Lyrik²'
344 851 394 914 pg.
419 829 484 894 332
508 850 616 914 seqq,
641 830 696 914 qui
720 851 810 895 suam
825 830 926 914 ipsius
943 831 1123 914 opinionem
1140 852 1211 896 cum

204 954 346 1014 veterum
370 949 563 1017 testimoniis
587 950 694 1033 (Dion.
720 948 821 1014 Halic.
847 948 887 1014 de
907 970 1009 1034 comp.
1026 948 1110 1015 verb.
1126 949 1214 1033 XIX)

205 1075 402 1154 pugnantem
418 1091 527 1137 vereor
541 1075 577 1134 ut
594 1069 743 1152 cuiquam
756 1066 899 1152 probet’'
931 1070 978 1134 De
991 1069 1127 1134 talorum
1140 1070 1215 1134 ludo

206 1188 337 1272 scripsit
357 1188 393 1255 L.
416 1188 504 1273 Becq
527 1189 569 1255 de
585 1186 797 1272 Fouquidres,
813 1186 875 1254 Les
887 1189 965 1272 jeux
989 1188 1045 1254 des
1060 1187 1215 1266 Anciens,

205 1306 277 1376 leur
307 1308 518 1392 description,
546 1307 616 1374 leur
639 1307 777 1392 origine,
801 1308 887 1373 leurs
911 1316 1061 1391 rapports
1085 1329 1160 1372 avec
1182 1307 1215 1371 la

205 1425 357 1510 religion,
382 1425 551 1504 l'histoire,
576 1426 623 1492 les
646 1430 714 1492 aits
738 1431 771 1490 et
793 1425 839 1491 les
860 1446 995 1490 moeurs.
1019 1424 1110 1490 Paris
1129 1425 1214 1490 1873

207 1543 262 1628 (de
285 1565 348 1628 quo
372 1545 453 1609 libro
477 1545 600 1610 consuli
619 1549 731 1628 potest
753 1542 899 1608 Naberus
923 1544 956 1607 in
986 1543 1101 1622 „Gids”
1130 1544 1216 1608 1875

207 1681 315 1728 meuse
340 1661 454 1728 Martio
478 1684 528 1748 pg.
552 1662 618 1726 542
639 1664 749 1746 seqq).
777 1660 827 1726 Ad
844 1661 928 1726 hunc
945 1661 1011 1745 (pg.
1029 1661 1094 1726 325
1112 1664 1215 1746 seqq.)

207 1779 311 1846 refero
343 1779 382 1846 de
414 1780 627 1864 explicatione
659 1780 763 1845 iactus
794 1778 1005 1863 „uunpidis”
1029 1777 1214 1844 Callimachi

206 1920 316 1964 versus
349 1905 398 1964 est
429 1897 641 1984 fragmentum
666 1900 745 1977 2393
779 1897 943 1964 Strattidis
974 1919 1083 1964 versus
1109 1897 1216 1982 (Mein.

207 2016 294 2084 Oom.
317 2017 357 2082 IL
381 2018 460 2100 771)
479 2022 603 2101 spectat
620 2017 661 2081 ad
678 2016 908 2082 Theramenem
925 2016 1159 2081 Atheniensem.
1177 2014 1216 2080 cf.

209 2133 298 2201 Ocho
321 2135 340 2199 l.
352 2136 371 2199 l.
395 2157 447 2219 pg.
471 2135 550 2214 360,
570 2134 692 2201 Cratini
708 2155 833 2200 versum
850 2141 1035 2217 corruptum
1052 2133 1097 2198 sic
1113 2155 1214 2200 emen·

199 2243 286 2322 ¹dore
310 2262 445 2322 conatur
467 2253 563 2320 Mein.
587 2253 629 2319 II.
656 2254 734 2318 113:

699 2367 726 2435 ol
749 2371 801 2457 (εί)
825 2374 978 2444 Διονυσίοις

386 2491 504 2562 οίκιίλοις
527 2491 572 2556 ciel
597 2488 729 2570 σαίζουσ’
752 2488 891 2567 οίνειροίνοι
916 2491 1020 2567 τρίσα.

208 2608 257 2676 De
279 2608 445 2693 Eupolidis
468 2628 560 2673 versu
583 2607 653 2673 vide
678 2607 772 2674 Mein.
796 2607 838 2673 IL
861 2607 936 2675 539.

252 2725 354 2794 Schol.
378 2725 473 2810 Gorg.
495 2725 560 2790 451
582 2726 612 2790 E
635 2727 772 2790 σ’κίλιον
796 2725 918 2804 λέγεται
943 2731 960 2802 ἡ
980 2725 1119 2806 παροίνιος
1143 2727 1213 2808 ᾠδιί,

207 2846 244 2916 ὡς
262 2844 315 2922 μὲν
335 2846 515 2924 Δικαίαρχος
535 2847 564 2909 ἕν
580 2849 620 2925 σῷ
633 2847 694 2923 περὶ
707 2853 848 2921 μουσικῶν
860 2847 997 2921 aretas,
1010 2843 1052 2909 ίσι
1065 2848 1131 2925 τρία
1143 2845 1212 2922 γένν
1290 2879 1297 2888 ·

209 2959 241 3037 ἦν
263 2962 352 3044 ᾠδῶν,
375 2963 409 3026 τὸ
431 2964 484 3038 μὲν
505 2963 559 3026 tal
580 2963 697 3027 ποίντσιν
709 2964 859 3045 ᾀδόμενον,
876 2963 923 3047 (τί
935 2964 978 3047 δὲ)
990 2964 1054 3028 καθ’
1067 2962 1116 3026 ἕνα
1130 2962 1212 3038 ἑξῆς,

208 3079 288 3144 τὸδὲ
308 3081 362 3144 ὑπὸ
380 3086 436 3144 τῶν
455 3080 673 3155 σννεσατοίτων,
696 3083 731 3152 ὡς
752 3081 843 3160 ἔτυχε
863 3091 899 3161 τῇ
916 3079 1021 3155 'seiher
1044 3078 1103 3155 ὃδὴ
1115 3088 1213 3146 καλοῖ-

207 3200 272 3264 σίαι
296 3199 416 3265 σκόλιον.
437 3201 473 3271 ὡς
495 3201 521 3262 d*
543 3198 738 3277 Ἀριστόξενος
754 3202 802 3262 καί
817 3199 924 3270 Φίλλις
939 3199 1100 3275 δμονσιιιίς
1110 3199 1174 3282 ,ὅτι
1186 3201 1215 3264 ἕν

208 3325 266 3388 τοῖς
296 3319 405 3394 γοίροοις
437 3317 498 3396 περὶ
532 3318 604 3394 μίαν
635 3316 783 3397 τροίπεζαν
807 3320 922 3389 πολλὰς
947 3319 1048 3388 κλίνας
1072 3319 1213 3394 τιθέντες,

208 3437 290 3514 παροδ
316 3436 398 3514 μέρος
424 3433 489 3512 ἑξῆς
509 3436 644 3514 μυρρίνας
669 3434 786 3514 ἔχοντες
811 3436 827 3510 ἢ
851 3434 985 3517 δάφνας,
1009 3433 1071 3516 ᾖδον
1094 3438 1214 3514 γνώμας

207 3555 256 3618 καί
287 3555 407 3634 ἐρωτικὰ
435 3554 567 3618 σύντονα.
593 3557 609 3630 ἡ
633 3553 661 3617 δὲ
686 3554 810 3633 περίοδος
833 3554 937 3619 σκολιοὶ
960 3555 1070 3631 ἐγίνετο
1094 3555 1141 3619 δια
1164 3558 1215 3630 τὴν
1246 3629 1248 3632 v

207 3670 332 3738 σιίνίεσιν
364 3679 419 3739 τῶν
450 3679 551 3738 κλινῶν
578 3673 625 3736 ἐπὶ
649 3673 811 3750 οίιινροοίσοιν
835 3673 1017 3748 πολυγονίαι
1040 3677 1140 3751 οὐσῶν,
1165 3674 1214 3739 καί

207 3789 365 3870 τούτῳκαὶ
386 3790 441 3862 τοὶς
461 3790 509 3856 ἐπ’
532 3791 626 3862 αὐτοὶς
649 3791 840 3862 κατακλίσεις
853 3790 1062 3870 σαραβιίστονς
1075 3794 1213 3867 γίνεσίαι.

207 3915 239 3978 οὐ
261 3913 308 3978 tra
330 3920 381 3987 rho
404 3914 574 3992 μελοποιίαν
599 3911 655 3991 οὖν,
679 3914 726 3978 διοδ
749 3913 778 3978 δὲ
802 3915 853 3986 τὴν
876 3923 926 3987 τῆς
948 3917 1078 3994 μυρρίνης
1097 3915 1215 3982 σκολιοὶν

207 4030 338 4112 διοίδοσιν,
362 4033 457 4112 ταύτρ
481 4033 529 4095 καί
554 4033 610 4102 σας
634 4031 708 4113 ᾧδοδς
731 4033 850 4103 σκολιὰς
875 4033 1036 4099 καλεῖσθαι.

251 4149 394 4216 Boethus
418 4150 659 4216 adnotationem
675 4150 842 4234 Pamphilo
860 4151 1014 4229 debebat,
1030 4151 1214 4246 Pamphilus

209 4267 351 4353 Didymo.
383 4269 422 4336 cf.
454 4247 570 4334 Naber.
599 4269 641 4334 ad
665 4268 754 4336 Phot.
778 4269 812 4338 in
834 4291 860 4335 v.
879 4247 976 4334 *Prior
998 4268 1116 4335 Scholii
1138 4291 1215 4354 pars
1302 4247 1304 4251 Α

1090 4387 1117 4436 6*
