3150 5080
715 611 734 679 ‘l

219 849 283 911 qua
313 829 364 894 via
394 835 502 892 autem
533 847 571 891 eo
602 825 819 910 pervenerint,
850 846 968 908 magna
999 830 1047 890 est
1075 825 1229 890 dissensio

217 947 301 1012 inter
330 946 414 1012 viros
446 947 564 1011 doctos.
607 943 688 1009 Nam
718 943 882 1009 contendit
905 943 1050 1008 Naberus
1072 942 1229 1008 Boethum

217 1066 342 1149 glossas
364 1065 484 1131 habere
507 1087 546 1130 ex
571 1065 783 1146 Diogeniano‚
807 1084 870 1129 non
894 1067 1001 1127 autem
1024 1063 1129 1146 ipsum
1153 1063 1249 1126 Dio-·

217 1185 388 1268 genianum
426 1185 624 1268 inspexisse,
664 1183 719 1248 sed
756 1202 976 1265 quaecumque
1010 1180 1229 1264 Diogenianea

216 1301 353 1386 habeat,
385 1324 425 1368 ex
456 1303 538 1368 Aelii
571 1302 712 1386 Dionysii
742 1301 844 1366 lexico
867 1299 1028 1366 rhetorico
1051 1297 1229 1381 transcrip-

217 1422 313 1500 sisse,
338 1423 393 1506 qui
418 1420 606 1506 Diogeniani
630 1441 726 1505 opere
750 1441 826 1486 usus
850 1421 899 1485 sit.
938 1419 987 1484 Ex
1009 1419 1060 1484 his
1085 1417 1228 1502 Dionysii

215 1549 248 1606 et
282 1541 397 1607 Boethi
431 1541 541 1606 lexicis
573 1542 698 1625 glossas
732 1541 967 1623 Diogenianeas
997 1539 1169 1604 transiisse
1194 1538 1228 1602 in

214 1659 377 1736 Photium,
401 1680 440 1724 ex
464 1658 540 1724 solis
564 1660 678 1724 Boethi
701 1659 818 1725 libellis
841 1661 874 1724 in
899 1657 1027 1724 Scholia
1049 1656 1227 1723 Platonica.

215 1774 335 1842 (loutra
365 1777 534 1843 Mauritius
567 1777 712 1842 Schmidt
734 1777 911 1861 glossarum
939 1777 1226 1858 Diogenianearum

215 1902 268 1959 sat
296 1917 448 1979 magnum
478 1917 642 1960 numerum
676 1915 715 1960 ex
738 1897 807 1978 ipso
833 1895 1029 1978 Diogeniano
1053 1894 1101 1958 vel
1125 1893 1227 1977 Hesy-

213 2013 284 2078 chio
314 2014 348 2079 in
381 2013 509 2079 Scholia
537 2013 667 2078 fluxisse
697 2012 857 2091 affirmat3
892 2035 966 2078 uam
999 2017 1225 2096 praeterquam

214 2133 298 2215 quod
322 2133 355 2196 in
378 2133 417 2196 iis
441 2141 556 2216 quater
579 2133 728 2196 laudetur
748 2131 964 2215 Diogenianus
981 2131 1108 2195 nomine
1125 2151 1226 2213 appo·

213 2251 292 2328 sito,
318 2258 445 2336 centum
468 2259 501 2315 et
523 2251 827 2332 undequadraginta
849 2249 927 2314 locis
951 2248 1144 2334 Hesychium
1159 2255 1224 2312 tam

213 2367 351 2434 fideliter
386 2369 586 2454 exprimere,
622 2375 658 2434 ut
692 2377 749 2434 aut
783 2370 868 2435 hunc
902 2374 959 2434 aut
996 2369 1226 2452 Diogenianum

213 2485 420 2571 compilatum
444 2508 514 2553 csse
538 2488 649 2571 negari
673 2495 822 2569 nequeat.
856 2487 903 2553 cf.
928 2487 1225 2576 QuaestionesHe-

212 2605 548 2690 sychianaepg.x01.
580 2605 686 2688 Atque
710 2606 794 2669 idem
819 2603 1014 2669 Schmidtius
1037 2604 1101 2668 iam
1126 2612 1224 2669 autea

210 2733 380 2790 monuerat
413 2725 446 2789 in
483 2725 609 2810 Didymi
639 2725 842 2791 chalcenteri
872 2724 1060 2808 fragmentis
1095 2745 1146 2806 pg.
1179 2723 1223 2787 83

210 2843 315 2909 Photii
345 2841 466 2909 fontem
496 2845 725 2928 Diogenianum
754 2845 852 2910 luisse
877 2849 974 2927 atque
999 2850 1167 2927 praeterea
1190 2841 1223 2905 in

210 2961 417 3028 Patriarchae
439 2964 564 3028 lexicon
589 2965 753 3048 complura
777 2964 933 3048 Didymea
955 2962 1183 3046 immigravisse
1205 2980 1222 3024 e

210 3075 351 3165 Dionysii
385 3082 628 3166 Pausaniaeque
664 3083 794 3161 lexicis,
834 3104 970 3167 quorum
1005 3081 1223 3148 conditoribus
1254 3149 1256 3152 ,

208 3197 315 3264 aditus
339 3201 379 3264 ad
403 3202 508 3283 ipsum
532 3202 704 3285 Didymum
723 3202 903 3285 patefactus
920 3207 1014 3267 esset.
1038 3200 1222 3282 Leopoldus

208 3318 314 3402 Cohn,
340 3319 379 3384 de
402 3321 617 3405 Aristophane
640 3321 796 3406 Byzantio
816 3327 848 3386 et
865 3319 1018 3386 Suetonio
1035 3317 1221 3403 'l'ranquillo

210 3543 406 3552 ——.--..

208 3703 358 3766 transtulit3
381 3705 420 3754 sic
443 3709 513 3754 certe
536 3704 667 3754 credimus
691 3718 753 3754 cum
777 3702 873 3754 Coheto
894 3708 974 3767 atque
990 3703 1107 3764 Nabero,
1127 3717 1221 3767 quam-

208 3811 288 3862 quam
305 3799 361 3862 alii,
380 3813 401 3848 e.
420 3813 442 3848 c.
460 3799 606 3864 Boysenus‚
623 3784 704 3848 aliam
715 3801 875 3848 sententiam
889 3799 1095 3862 amplectuntur.
1112 3798 1220 3847 Praeter

208 3891 316 3942 Suidam
344 3893 453 3960 Etymol.
488 3895 600 3960 Magnus
627 3896 765 3959 usurpavit
795 3895 933 3958 photium,
960 3895 1051 3944 itidem
1077 3894 1219 3958 integriore

207 3989 294 4039 codice
311 4005 380 4040 usus.
410 3991 523 4041 Lexieou
541 3991 708 4041 Bachmanni
727 3999 816 4042 autem
832 4007 863 4041 ex
881 3993 974 4042 Photio
992 3998 1145 4055 excerptum
1162 4005 1220 4041 esse

207 4087 343 4136 contendit
365 4086 500 4148 Naberus,
524 4088 600 4138 cuius
618 4089 650 4137 de
667 4089 753 4152 priore
770 4089 850 4138 huius
867 4089 945 4138 lexici
963 4094 1047 4152 parte,
1067 4102 1148 4152 quam
1165 4089 1219 4152 pri-

207 4195 266 4230 mus
284 4182 364 4231 edidit
382 4183 401 4231 l.
420 4183 554 4232 Bekkerus
573 4184 602 4232 in
617 4184 758 4234 hnecdotis
775 4183 881 4233 Graecis
893 4183 921 4232 1:
934 4199 959 4247 p.
972 4183 1018 4233 321
1032 4199 1118 4248 seqq,
1132 4183 1219 4247 suspi-

205 4277 294 4328 ciones
313 4279 370 4328 uide
388 4279 534 4344 Prolegcm.
551 4295 592 4346 pg.
609 4279 659 4330 150
677 4295 749 4344 seqq.
