3154 5074
682 629 725 694 63

192 834 286 907 τινός·
317 835 435 917 alaim
467 837 527 916 γὰρ
559 841 576 914 ἡ
607 842 659 904 τοῦ
690 835 791 903 {nolon
822 835 1013 917 ὑποστάθμη,
1049 835 1067 905 δ’
1093 839 1208 905 ἐστινὸ

193 952 315 1035 τρυγίσς
338 961 371 1021 et
392 955 480 1040 apud
502 955 607 1042 Etym.
630 955 685 1022 M:
707 956 844 1036 ἀμόργη·
869 994 909 1010 --
933 957 1068 1031 enudari
1092 956 1206 1035 troo,

193 1075 245 1148 τὴν
280 1074 468 1153 ὑποστάθμην
500 1082 552 1142 τοῦ
586 1077 703 1154 indos,
743 1077 794 1141 καὶ
829 1078 883 1152 την
916 1076 1012 1159 τρύγα
1044 1081 1096 1144 τοῦ
1125 1076 1206 1146 olrov.

194 1191 322 1259 Fierine
355 1193 456 1278 igitur
489 1199 613 1279 potest,
648 1200 686 1262 ut
719 1199 777 1261 aut
804 1194 984 1262 Pausanias
1016 1205 1089 1275 aut,
1122 1196 1208 1280 quod

193 1311 302 1378 malim
326 1312 474 1390 eredere,
496 1313 639 1380 Boethus
663 1335 805 1380 errorem
831 1293 1050 1380 commiserit?
1291 1371 1295 1380 ,

240 1429 488 1499 Sohollxioen
502 1432 567 1499 368
584 1432 868 1508 ὓτσττυσδείη·
889 1434 1089 1512 κσλσκευθείη,
1105 1435 1139 1500 ἐκ
1157 1459 1208 1512 με·
1232 1406 1237 1418 ’

193 1555 329 1632 taorgio
349 1558 406 1616 τῶν
425 1550 474 1616 ἐπὶ
495 1558 555 1624 τοῖς
574 1549 673 1624 inaure
685 1552 912 1630 mammen
924 1555 954 1618 ἐν
965 1555 1005 1634 τῷ
1016 1551 1208 1635 ingelgerius.

238 1669 333 1754 Apud
363 1669 510 1736 Eustath.
541 1670 661 1751 565,18
693 1671 828 1756 legitur:
851 1672 901 1738 xri
925 1671 969 1737 ὅτι
991 1671 1157 1738 κολακεύειν
1179 1696 1208 1738 τι

194 1786 256 1851 ἐστὶ
290 1786 324 1853 τὸ
365 1787 565 1869 τσττύζεση
608 1789 657 1854 nal
700 1789 906 1867 τόττυσμσι
939 1791 1080 1856 maaria
1112 1788 1208 1861 ἵστω

194 1905 388 1981 diameter.
420 1906 460 1973 cl.
491 1905 625 1974 Plotius
658 1908 694 1973 in
721 1928 798 1975 voce
820 1908 1044 1986 τοττύσμσστσι.
1095 1909 1208 1978 Utrum

193 2043 235 2090 ex
258 2023 410 2110 Dionysio
434 2023 576 2091 dubium.

241 2141 331 2209 Haeo
362 2143 460 2228 igitur
491 2164 509 2209 e
539 2142 674 2210 Soholiis
706 2141 855 2228 colligere
884 2143 992 2228 potui,
1022 2165 1106 2230 quae
1129 2145 1209 2212 reri-

197 2259 300 2326 simile
333 2266 384 2326 est
416 2258 546 2327 fluxisse
581 2282 599 2326 e
633 2261 746 2328 lexicis
778 2263 948 2330 rhetoricis
983 2263 1128 2348 Dionysii
1158 2263 1208 2329 vel

196 2378 385 2446 Pausaniae.
427 2379 500 2446 Non
530 2381 655 2460 omnia,
685 2381 781 2446 facile
807 2381 965 2461 eonoedo,
992 2382 1074 2448 adso
1100 2381 1209 2466 magni

196 2498 347 2562 momenti
377 2506 469 2577 sunt;
500 2517 605 2582 neque
634 2504 743 2565 tamen
767 2500 940 2566 minutiora
962 2500 1132 2586 neglegere
1154 2499 1207 2566 fas

195 2614 273 2682 mihi
304 2635 375 2682 esse
399 2617 494 2700 duxi,
525 2615 611 2684 illius
634 2624 722 2682 rente
746 2594 823 2683 ‹lieti
845 2617 932 2684 haud
955 2619 1131 2698 immemor,
1156 2617 1204 2698 „si

195 2734 347 2801 minutias
375 2735 568 2821 neglexeris.
597 2734 667 2802 lore
696 2743 734 2802 ut
767 2757 808 2803 ne
831 2743 900 2802 tum
923 2738 1050 2820 quidem
1074 2757 1126 2802 res
1148 2736 1209 2802 tibi

195 2855 367 2938 procedat,
383 2855 439 2920 ubi
454 2856 497 2921 ad
512 2853 694 2922 difficiliora
710 2862 743 2922 et
758 2856 908 2922 abstrusa
925 2854 1077 2922 veneris.'’
1110 2855 1209 2924 Plura

196 2972 303 3040 (liuere
324 2974 363 3039 in
380 2971 444 3040 fine
466 2973 560 3040 huius
584 2973 699 3058 cupitis
723 2995 788 3039 non
816 2993 947 3041 neeesse
970 2981 1037 3054 est,
1060 2995 1135 3040 nam
1151 2993 1207 3054 ea,

195 3111 280 3178 quae
300 3092 422 3158 utiliter
436 3093 561 3160 moneri
576 3099 765 3178 potuerunt,
780 3093 873 3158 initio
889 3092 1070 3159 memoravi
1092 3093 1207 3177 Itaque

195 3215 385 3294 utrumque,
408 3210 594 3296 Dionysium
616 3216 649 3276 ot
671 3210 885 3297 Pausaniam,
909 3211 1076 3278 iubeamus
1101 3211 1208 3278 valere

196 3333 230 3394 et
259 3328 422 3394 videamus
445 3328 485 3395 de
509 3327 580 3394 uliis
603 3328 737 3412 glossis,
760 3348 846 3412 quae
867 3327 902 3393 in
925 3325 1063 3394 Soholiis
1086 3329 1207 3395 insunt.

223 3795 285 3864 DE
306 3793 489 3866 GLOSSIS
512 3793 781 3864 LEXICORUM
805 3791 1165 3864 PLATONICORUM

618 3939 795 4010 BOETHI.

243 4138 346 4205 Venio
380 4157 466 4205 nune
499 4136 541 4202 ad
574 4135 750 4216 Boethum,
785 4154 881 4220 quem
911 4133 1048 4199 antehae
1079 4133 1207 4217 saepius

196 4259 262 4330 iam
283 4257 452 4328 nominavi.
494 4255 695 4338 Exstiteruut
717 4255 786 4322 eius
808 4253 872 4320 dno
894 4252 998 4320 lexioa
1020 4251 1205 4329 Platonica,
