3154 5074
640 587 646 622 ί

673 635 714 702 81

188 843 348 922 σύμπασαι
376 851 432 911 τών
462 842 663 925 ἀστραγάλων
694 844 818 916 πτώσεις
842 845 913 921 όμοῦ
936 845 1083 924 τεσσάρων
1105 867 1200 924 παρα-

188 1081 258 1148 είσίν
281 1082 423 1159 ἐπώνυμοι
429 1131 439 1161 ,
464 1084 495 1148 αί
518 1081 549 1146 όὲ
572 1083 665 1164 ἡρώων
672 1130 682 1160 ,
706 1083 738 1146 αἱ
755 1082 784 1147 δὲ
800 1081 966 1162 βασιλέων,
987 1083 1018 1146 αί
1039 1082 1068 1146 δὲ
1086 1081 1200 1158 ἐνδόξων

189 1201 307 1282 άνδρῶν,
340 1202 372 1264 αἱ
404 1201 433 1264 δὲ
463 1201 624 1282 ἕταιριόων·
656 1201 687 1265 αἱ
718 1199 747 1265 δὲ
776 1201 838 1266 άπό
865 1225 946 1266 τινων
970 1200 1201 1280 συμβεβηκότων

189 1319 248 1395 ἤτοι
280 1329 367 1397 τιμῆς
391 1316 476 1397 ἕνεκα
498 1319 515 1395 ἢ
541 1319 653 1400 χλεύης
678 1319 931 1400 προοηγόρευνται.
955 1318 1079 1398 λέγεται
1104 1319 1134 1385 δέ
1157 1344 1202 1392 τις

189 1441 218 1504 ἐν
241 1443 347 1511 αὐταῖς
371 1442 548 1520 Στησίχορος
571 1437 620 1505 καί
644 1438 729 1521 ἑτέρα
752 1440 924 1520 Εὐριπίδης,
950 1439 1128 1520 Στησίχορος
1148 1438 1201 1515 μὲν

189 1559 203 1622 ό
225 1561 372 1634 σημαίνων
396 1561 446 1633 την
469 1559 599 1637 όκτάόα,
621 1559 684 1624 ἐπεὶ
704 1561 717 1624 ό
740 1561 768 1624 ἕν
787 1560 860 1640 Ἰόρρι
876 1565 925 1624 τοῦ
938 1565 1091 1635 μελοποιοῦ
1105 1559 1202 1640 τάφος

189 1675 223 1754 ἐξ
244 1679 316 1742 όκτόι
339 1683 447 1755 γωνιῶν
470 1678 630 1764 συνέκειτο,
654 1679 808 1759 Εὐριπίδης
829 1678 858 1742 δὲ
879 1678 953 1743 ότόν
965 1679 1200 1758 τεσσαράκοντα·

189 1789 230 1868 εἷς
261 1797 321 1876 γάρ
352 1797 505 1876 Εὐριπίδης
539 1804 594 1861 τῶν
624 1797 847 1875 τεσσαράκοντα
874 1797 1010 1871 Ἀύιίνησι
1033 1800 1202 1883 προστατῶν

189 1919 246 1978 τῶν
277 1915 357 1990 μετά
388 1916 440 1990 την
465 1921 521 1980 τῶν
544 1915 573 1980 λ’
596 1913 737 1997 τυράννων
761 1914 1004 1981 κατασταθέντων
1027 1915 1201 1983 κατάλυσιν.

189 2032 297 2098 τῶνδὲ
320 2032 416 2110 βώλων
440 2033 454 2096 ό
476 2033 530 2112 μὲν
553 2033 594 2099 τά
616 2030 650 2111 ἓξ
672 2034 826 2111 δυνάμενος
851 2036 928 2116 Κῷος
953 2034 1002 2098 καὶ
1026 2031 1121 2110 ἓξίτης
1141 2033 1202 2099 ε’λί-

190 2175 281 2238 γετο,
307 2159 372 2224 Χῖος
396 2151 425 2216 δὲ
448 2152 463 2216 ό
484 2153 517 2218 τό
540 2149 568 2216 ἓν
592 2153 642 2218 καὶ
666 2152 750 2219 κύων.
774 2150 898 2230 λέγεται
924 2152 953 2216 δι’
972 2175 1016 2222 τις
1038 2151 1086 2216 καί
1107 2175 1203 2233 παροι-

190 2270 249 2348 μία
273 2270 334 2334 άπὸ
356 2271 476 2356 τούτου,
506 2266 559 2336 οἷον
584 2279 651 2344 Χῖος
675 2272 833 2351 παραστάς
856 2272 933 2353 Κῷον
955 2269 1122 2336 ούκιόάοω·
1146 2270 1204 2353 άφ’
1291 2357 1294 2365 ¹

190 2385 224 2455 ού
242 2387 292 2453 καί
317 2387 463 2468 Στράττις
487 2389 702 2467 Λιμνοπίδαις·

327 2515 392 2580 Χῖος
416 2508 575 2588 παραστάς
600 2509 676 2590 Κῷον
700 2508 751 2574 ούκ
773 2507 809 2592 ἕζί
832 2507 940 2586 λέγειν.

190 2626 306 2708 ἔπαιζον
327 2627 357 2691 δὲ
377 2627 581 2707 άστραγάλοις
602 2628 651 2691 καί
672 2633 791 2698 πολλοῖς
805 2629 937 2707 καθάπερ
956 2627 1068 2706 καρύοις
1085 2627 1134 2704 καί
1147 2626 1204 2690 όλί·

191 2771 270 2826 γοις,
291 2753 342 2812 τοῦ
363 2745 391 2810 δὲ
411 2746 501 2817 εἴδους
521 2752 576 2810 τῶν
595 2752 712 2811 πολλῶν
724 2747 756 2811 τό
769 2746 823 2824 μὲν
834 2747 994 2827 άρτιασμόν
1006 2744 1118 2823 ἔλεγον,
1132 2745 1164 2808 τό
1175 2745 1204 2809 δὲ

179 2866 301 2950 τρύπα,
323 2865 356 2930 τό
379 2864 408 2928 δὲ
431 2865 574 2941 ώμιλλαν.
594 2865 757 2944 ώρτιασμὸς
777 2865 832 2941 μὲν
851 2863 897 2930 οὖν
909 2865 970 2929 ἐστὶ
984 2865 1016 2929 τό
1028 2863 1203 2946 δραξάμενον

179 2983 391 3062 ,άστραγάλων
412 2983 428 3058 η
448 3007 529 3047 τινων
548 2981 648 3048 άλλων
665 2981 811 3064 ἐξετάζειν
822 2984 871 3048 τόν
883 2982 1103 3064 συμπαίζοντα,
1117 2983 1203 3048 τότε·

191 3125 235 3182 ρον
254 3102 365 3182 ἀρτίους
385 3102 564 3180 ἢπεριοσοίις
577 3104 715 3184 κατέχει,
729 3105 766 3175 ώς
778 3104 826 3167 καὶ
841 3101 1051 3186 Ἀριστοφάνης
1065 3103 1201 3183 Πλούτῳ·

326 3228 468 3300 στατῆρσι
492 3221 516 3284 δ’
539 3220 563 3284 οἱ
586 3221 756 3302 θεράποντες
779 3220 963 3302 άρτιάζομεν.

186 3337 285 3419 -τρόπα
311 3335 335 3402 δ’
361 3339 439 3406 ἐστίν
462 3341 478 3414 η
504 3341 543 3411 εἷς
565 3338 681 3414 βόθυνον
706 3339 738 3404 ἐκ
760 3339 960 3418 διαστήματος
983 3341 1069 3420 βολιί.
1093 3346 1203 3422 Κρατῖ-

191 3479 235 3529 νος
262 3456 400 3540 Πυλαία·

326 3572 345 3657 ᾖ
367 3574 520 3646 Διονυσίοις
543 3573 662 3648 άκύλοις
686 3574 818 3658 παίζουσ’
841 3575 971 3654 άνόμενοι
995 3577 1099 3658 τρόπα.

193 3695 210 3768 ἡ
233 3692 263 3756 δὲ
284 3691 403 3770 ώμιλλά
424 3695 501 3758 ἐστιν
527 3691 596 3759 ύταν
620 3695 857 3776 περιγράψαντες
877 3696 982 3760 κύκλον
1002 3695 1202 3776 ε’πιρρίπτωσιν

192 3813 401 3890 άστραγάλους
431 3811 448 3888 ἤ
480 3836 508 3877 τι
539 3810 633 3888 άλλο,
666 3813 702 3886 ὥς
725 3823 763 3894 τῇ
787 3813 840 3890 μὲν
864 3813 942 3886 ε’ντός
964 3813 1042 3896 βολῇ
1065 3813 1203 3880 νικώντων

192 3939 229 4012 τῇ
259 3930 285 3994 3*
318 3931 398 4002 ἐκτός
431 3929 609 4006 ἡττωμένων.
641 3930 770 4002 Εὔπολις
802 3933 900 4011 Χρυσῷ
924 3931 1000 4009 γένει
1024 3930 1201 4012 μεταφέρων

193 4048 240 4112 ε’πί
272 4051 324 4124 την
355 4049 387 4114 ἐκ
417 4049 582 4115 Κυκλώπων
614 4049 648 4134 (l.
677 4071 750 4114 cum
778 4048 937 4116 Meinekio
965 4051 1016 4124 την
1039 4052 1068 4114 ἐν
1090 4051 1201 4135 κύκλῳ)

183 4167 366 4232 κατάκλισιν
389 4167 516 4243 τούνομα
535 4163 623 4238 ούτως
642 4167 749 4249 Φησίν·
771 4167 861 4232 ἔπειτ’
873 4167 976 4246 εἴσειμι
988 4167 1085 4234 ἕνύάδε
1097 4169 1201 4247 μείνας

180 4287 232 4358 ,είς
253 4285 388 4364 ώμολλαν
408 4282 463 4351 κάν
485 4287 528 4364 μη
550 4286 644 4368 μετίη.

1085 4401 1103 4454 6
