3154 5074
611 653 673 718 107

180 857 256 924 ibid.
283 856 364 924 VII:
383 798 503 926 κ8000
533 858 662 926 ότταν·
693 825 819 938 Ιςθιίμην,
842 862 986 936 μαντείαν
1009 860 1057 926 aa
1080 875 1148 941 κλη-

133 973 228 1054 δόνος,
250 976 302 1040 καὶ
325 976 492 1043 ὀττεύεσθαι
515 977 549 1043 τό
571 978 779 1056 μαντεύεσθαι.

182 1094 273 1161 Phot.
295 1095 380 1162 idem
402 1118 429 1161 v.
454 1094 554 1162 όττα.

181 1213 256 1279 ibid.
285 1205 351 1280 819
375 1215 411 1280 D.
444 1216 571 1296 incolo:
602 1215 747 1297 agatocleo,
774 1217 790 1291 ἢ
813 1222 920 1281 σκαιῶν
943 1219 991 1281 καί
1017 1218 1147 1294 οόριονθῶν.

182 1331 294 1398 Altera
323 1333 494 1419 explicatio
527 1333 652 1420 plenius
686 1335 802 1420 legitur
834 1335 921 1420 apud
944 1334 1092 1402 Photiom
1117 1341 1151 1400 et
1208 1414 1210 1418 ¹

134 1451 171 1516 in
201 1451 261 1519 lex.
282 1453 423 1520 Bachm:
453 1455 576 1526 ὑηνῶν·
608 1459 714 1520 σκαιῶν
736 1455 786 1520 καί
810 1456 949 1531 όμαθῶν·
974 1453 1023 1520 καί
1048 1453 1148 1530 ὑηνία·

136 1571 274 1645 σκαιότης
308 1573 356 1636 καὶ
393 1573 528 1649 ἀμαθία·
565 1573 652 1644 οὕτως
687 1575 834 1646 Καλλίας.
885 1573 1032 1640 Naberun
1066 1572 1151 1640 hanc

136 1690 280 1773 glossam
296 1690 495 1758 Platonicam
511 1713 583 1759 esse
602 1693 784 1773 contendit,
805 1692 946 1760 Oohnius
966 1690 1045 1769 λέξιν
1059 1716 1150 1770 κωμι-

137 1811 206 1886 κόν,
231 1817 318 1876 recte
342 1811 515 1878 observans
538 1813 580 1878 ad
603 1811 823 1879 illum'locum
845 1810 990 1879 Platonis
1009 1810 1150 1894 explica·

139 1929 260 1996 tionem
282 1931 410 2011 χοιρείων
433 1930 533 1997 solam
557 1928 640 1998 bene
662 1950 699 1996 se
721 1930 848 1998 habere.
892 1928 1030 2010 Gallias,
1054 1950 1150 2014 quem

137 2047 286 2113 Nabaros
319 2047 455 2132 (Prolag.
487 2070 539 2132 pg.
563 2051 621 2134 60)
643 2048 764 2115 fatetur
787 2070 821 2116 se
845 2049 968 2116 nescire
993 2047 1065 2133 quis
1090 2047 1150 2126 sit,

139 2187 160 2232 a
193 2165 352 2232 Meinekio
384 2166 484 2251 (Gom.
515 2168 555 2233 11.
589 2168 668 2253 735)
697 2173 746 2247 et,
777 2173 813 2233 ut
843 2173 951 2252 patet,
984 2164 1150 2232 aOohnio

139 2283 278 2351 habetur
300 2306 360 2370 pro
383 2283 510 2352 Comico
533 2293 639 2371 poeta

184 2402 261 2469 ibid.
285 2403 381 2469 VIII:
403 2403 510 2470 8340
533 2405 701 2483 ἀβόλοις·
725 2403 834 2483 όιβολος
855 2404 927 2482 νέος,
950 2404 1058 2470 οὐδέπω
1076 2403 1149 2478 γνῶ-

138 2545 217 2600 μονοο
247 2521 333 2603 ἔχων.
356 2525 493 2600 γνῶμονοο
516 2523 539 2588 δ’
563 2523 665 2603 ἔλεγον
688 2526 736 2590 τόν
758 2523 942 2601 βαλλόμενον
967 2523 1089 2599 ὀδόντα,
1114 2521 1148 2593 δι’

34 2695 38 2704 .
138 2635 173 2704 οὗ
202 2641 259 2710 τόνο
291 2643 404 2716 ἡλικίας
437 2640 586 2724 ἐξήταζον.
619 2642 666 2707 τόν
698 2639 727 2706 δὲ
758 2643 846 2708 αὐτόν
874 2642 923 2707 καί
947 2640 1150 2718 κατηρτνκότα

137 2757 252 2836 ἔλεγον.
288 2764 320 2830 ἐκ
353 2763 529 2840 μεταφορῶν
561 2761 590 2826 δὲ
622 2769 675 2836 τῆς
701 2761 765 2824 cini
793 2767 848 2826 τῶν
882 2759 1066 2839 τετραπόδων
1099 2757 1149 2823 καί

137 2879 374 2954 λειπογνώμονως
404 2879 471 2950 τοὺς
502 2877 787 2959 οίπογενηρακότας,
820 2881 849 2943 ἕν
880 2873 919 2948 olo
951 2877 1094 2943 ἐλελοίπει
1116 2877 1155 2941 τό·

138 2997 300 3078 γνώρισμα.
359 3075 362 3082 Δ

186 3114 374 3182 Observatio
416 3113 509 3182 fluxit
546 3137 585 3182 ex
603 3161 606 3164 -
625 3115 840 3200 Aristophane
878 3115 1053 3200 Byzantio,
1092 3131 1151 3198 per

138 3234 299 3324 Boethnm
321 3233 468 3302 fortasse.
501 3227 623 3301 Partim
645 3239 772 3313 tamen,
797 3233 925 3319 qualem
948 3233 1000 3298 hio
1016 3232 1149 3316 legimns

138 3329 292 3436 connata
321 3361 372 3420 est
403 3353 452 3420 vel
481 3354 589 3437 potius
618 3373 727 3420 errore
759 3353 930 3438 premitur,
960 3371 1057 3436 quem
1084 3351 1150 3416 iam

138 3470 217 3536 olim
255 3471 458 3537 commissum
491 3492 562 3539 esse
596 3491 771 3538 consensus
807 3470 925 3537 Scholii
960 3478 993 3536 et
1028 3468 1147 3538 Snidae

140 3596 296 3674 arguunt,
319 3610 378 3655 nec
401 3611 464 3655 non
488 3595 648 3656 testantur
672 3589 792 3656 similes
816 3609 941 3655 errores
966 3588 1054 3672 apud
1070 3586 1151 3652 alios

138 3709 372 3791 grammaticos
408 3707 489 3773 Nam
512 3708 646 3791 legimus
670 3707 756 3791 apud
779 3705 974 3792 Hesychium
996 3704 1149 3782 ἄβολος·

139 3825 215 3901 νόος,
239 3825 347 3890 οὐδέπω
372 3823 461 3905 ῥίψας
488 3825 589 3890 ὀδόντα
613 3826 642 3909 (.
656 3873 662 3889 .
677 3828 725 3907 ..)
747 3824 845 3890 τῶνδὲ
866 3824 954 3889 αὐτόν
974 3823 1022 3888 καί
1043 3847 1150 3901 κατηρ-

139 3943 253 4010 τνκότα
281 3943 400 4022 ἔλεγον,
432 3944 520 4029 apud
550 3942 764 4030 Phiynichum
787 3943 887 4009 Bekk.
909 3943 1008 4022 49‚33
1030 3957 1150 4007 λειπο·

141 4066 305 4143 γνῶμων·
337 4067 470 4142 σημαίνει
490 4067 539 4129 τόν
561 4066 681 4140 μηδέπω
703 4068 752 4129 τὸν
775 4064 877 4129 όδόντω
899 4063 1093 4148 βεβληκότα,
1118 4062 1152 4127 δι’

141 4179 174 4248 οὗ
190 4186 206 4259 ἡ
227 4186 325 4259 ἡλικία
341 4189 396 4248 τῶν
411 4182 506 4249 ἵππων
523 4183 572 4248 καί
591 4190 646 4247 τῶν
659 4181 758 4246 όίλλων
770 4182 952 4263 τετραπόδων
964 4180 1149 4263 γνωρίζεται,

142 4301 176 4366 in
200 4308 288 4367 sexto
311 4301 371 4366 lex.
394 4301 493 4367 Beki.
518 4302 617 4378 3222
645 4302 798 4378 όιβνλος·
821 4300 929 4367 οῶδίπω
953 4300 1030 4382 ἔχων
1052 4325 1080 4364 τι
1102 4301 1150 4364 ἐπὶ
