3150 5080
704 646 726 711 9

104 936 108 950 Ι
207 853 317 916 λίθον·
340 853 413 923 τινὲς
430 854 484 926 πῆν
498 861 659 932 Μαγνῆτιν
674 855 823 920 ἀπέδοσαν
844 855 891 921 διὰ
908 857 961 930 τῆν
977 853 1152 934 Ἡρακλείαν
1168 863 1221 930 πῆς

208 971 406 1048 Μαγνησίας·
443 970 505 1036 ἔνιοι
541 972 570 1036 δὲ
604 970 647 1038 ὅτι
683 976 700 1048 ῆ
736 974 791 1050 μὲν
821 973 1007 1050 ἐπισπωμένη
1038 973 1087 1039 τὸν
1114 973 1222 1064 σίδηρον

207 1091 420 1170 Ἡρακλεῶπιι,
444 1093 461 1165 ῆ
487 1089 515 1154 δὲ
539 1100 697 1168 Μαγνῆτις
721 1093 806 1168 ὃμοία
830 1093 909 1157 ἐστὶν
929 1093 1044 1174 ἀργύρῳ
1059 1093 1120 1159 ari.
1150 1091 1221 1157 Dio·

206 1207 334 1291 geniani
365 1207 505 1290 glossam
536 1208 570 1272 in
601 1208 652 1274 his
683 1210 789 1276 inesse
812 1231 875 1276 non
900 1218 949 1277 est
972 1233 1029 1276 cur
1052 1231 1221 1293 negemus3

209 1324 420 1391 Scholiastam
445 1333 552 1392 aulem
572 1327 646 1392 hinc
670 1349 728 1392 sua
751 1331 924 1412 sumpsisse
940 1330 1133 1414 persuadere
1146 1329 1222 1394 mihi

208 1465 271 1510 non
295 1445 402 1527 potui,
426 1449 598 1529 postquam
623 1446 700 1527 vidi,
724 1447 758 1512 in
780 1448 885 1532 ipsius
909 1448 1098 1532 Diogeniani
1118 1447 1222 1513 lexico

208 1563 295 1647 apud
327 1562 520 1648 Hesychium
543 1565 682 1649 glossam
706 1588 873 1650 superesse
897 1567 1008 1632 iisdem
1033 1568 1130 1651 plane
1153 1588 1222 1633 ver-

208 1681 258 1746 bis
272 1684 474 1766 conceptam,
487 1681 603 1765 quihus
616 1681 798 1749 Scholiasta
810 1686 956 1750 servavit.
972 1684 1088 1751 Evolve
1098 1704 1221 1750 mecum

208 1798 419 1884 Hesychium,
455 1800 541 1884 apud
573 1821 668 1884 quem
699 1802 859 1884 legimusr,
888 1812 1081 1881 Μαγνῆτις
1112 1804 1220 1875 λίθος·

209 1915 283 1992 αὕτη
314 1926 417 2002 πλανᾷ
449 1919 500 1992 τῆν
531 1918 611 2000 ὄψιν,
643 1920 757 2002 ἀργύρῳ
784 1921 914 2003 &aspiras
937 1918 1018 1988 οὖσα.
1043 1925 1059 1997 ῆ
1083 1921 1113 1986 δὲ
1136 1925 1221 2002 Ἡρα·

208 2039 397 2110 assertoris
419 2038 526 2117 crispos
550 2040 727 2105 ἐπισπᾶται.
759 2038 855 2105 Errat
873 2040 970 2124 igitur
993 2040 1040 2105 vir
1057 2040 1133 2106 clar.
1158 2040 1222 2106 Na-

208 2156 304 2222 berus
328 2157 451 2240 Proleg.
475 2158 516 2221 ad
533 2157 681 2224 Photium
700 2180 752 2243 pg.
769 2159 813 2224 63
831 2157 998 2225 affirmans
1014 2159 1223 2243 „Diogeniani

208 2277 364 2360 glossam,
392 2297 476 2360 quae
507 2298 527 2343 a
561 2276 740 2344 Scholiasta
774 2285 902 2344 servata
925 2279 985 2358 sit,
1009 2278 1098 2363 apud
1121 2277 1221 2363 Hesy-

209 2396 313 2460 chium
349 2396 528 2461 interiisse''
568 2402 666 2480 alque
704 2398 821 2462 inimic
857 2396 1046 2463 Ruhnkenio
1082 2419 1222 2463 errorem

208 2514 398 2597 exprobrat,
422 2515 477 2598 qui
509 2537 576 2580 rem
608 2521 694 2580 recte
717 2517 919 2600 perspexisse
943 2516 1020 2580 mihi
1043 2516 1168 2582 videtur
1190 2515 1222 2580 in

208 2629 412 2698 Praefatione
435 2633 477 2699 ad
500 2631 654 2720 Hesychii
678 2635 803 2700 lexicon
826 2656 877 2720 pg.
900 2654 946 2699 xa

252 2751 384 2819 Praeter
417 2753 503 2819 hanc
536 2754 675 2838 glossam
711 2760 777 2819 tres
812 2755 845 2818 in
882 2751 1016 2819 Scholiis
1049 2759 1222 2819 occurrunt

208 2870 398 2954 Diogeniani
422 2872 551 2937 nomine
575 2871 755 2956 adscripic3
781 2877 855 2938 sunt
879 2877 985 2937 aulem
1008 2873 1086 2938 hae:

254 2988 357 3056 Schol.
381 2989 486 3074 Lysid.
510 2990 575 3054 206
599 2990 640 3053 D:
670 2991 842 3070 Ἑρμαῑα·
859 2991 982 3068 λέγεται
999 2990 1029 3056 δὲ
1043 2990 1093 3055 καὶ
1113 2989 1222 3054 παίδων

210 3105 298 3178 οὕτως
321 3109 402 3186 ἁγὼν
426 3108 509 3189 παρὰ
535 3110 738 3188 Συρακοσίοις,
763 3107 799 3180 ὥς
816 3117 899 3190 ιΦῆσι
923 3109 1116 3186 Διογενιανός.

254 3228 348 3312 Apud
371 3225 567 3312 Hesychium
591 3229 704 3311 periit,
731 3249 836 3312 neque
859 3229 935 3294 alibi
960 3233 1132 3312 comparet.

253 3344 356 3411 Schol.
381 3345 478 3429 Hipp.
503 3342 578 3411 Mai.
603 3347 663 3410 30l
684 3346 720 3411 B.
744 3348 907 3421 διανεκῆ·
933 3347 1123 3418 διαπαντός.
1150 3345 1221 3410 οὕτω

209 3464 259 3529 καὶ
283 3465 476 3543 Διογενιανά.

254 3582 356 3650 Schol.
387 3582 482 3670 Legg.
504 3581 568 3649 IV:
593 3583 657 3648 718
674 3585 709 3650 Ε.
733 3585 882 3649 οὶνιδιπί·
906 3585 1052 3664 ἀνιδρωτί,
1076 3587 1113 3659 ὥς
1136 3584 1221 3664 ἐντῷ

210 3705 392 3784 Διογενιανῷ.

254 3821 434 3906 Supersunt
457 3822 544 3906 apud
569 3821 779 3907 Hesychium,
804 3821 906 3887 altera
932 3822 1060 3904 (ἀνιδιτὶ)
1083 3821 1221 3889 fortasse

210 3939 297 4023 apud
319 3938 460 4005 Suidam.
1003 3932 1012 3944 '

255 4058 341 4136 Quas
365 4060 490 4143 glossas
513 4061 634 4127 nullam
658 4081 789 4126 causam
809 4061 882 4127 novi
899 4082 955 4128 our
970 4061 1077 4145 potius
1094 4059 1221 4125 aliunde

209 4198 230 4242 a
260 4177 439 4244 Scholiasta
462 4177 582 4262 petitas
605 4199 675 4245 esse
698 4185 846 4263 putemus
870 4200 966 4263 quam
989 4199 1029 4244 ex
1051 4179 1122 4263 ipso
1146 4178 1222 4244 Dio-

211 4297 340 4382 geniani
371 4297 482 4365 lexico.
528 4295 592 4364 Sed
622 4299 722 4364 multo
747 4298 857 4382 plures
879 4299 914 4362 in
937 4296 1072 4364 Scholiis
1096 4297 1222 4384 glossae
