3154 5074
857 602 980 717 ac¹

373 884 473 947 usqne
496 863 538 928 ad
562 868 616 928 τῶν
639 867 739 927 κλινῶν
762 868 813 928 ost
835 859 920 945 apud
943 859 1033 926 Phot
1050 865 1083 926 et
1098 858 1201 926 Sohoh
1218 859 1382 944 Aristoph.

372 983 451 1048 Ran.
486 983 587 1062 1337,
618 983 729 1048 eadem
761 981 876 1046 lacuna
907 989 982 1046 ante
1013 979 1111 1045 verba
1132 977 1271 1045 νια1’ἕνα
1297 979 1381 1056 ἑξῆς,

372 1122 467 1185 qnam
499 1123 538 1168 ex
568 1101 732 1167 Athenaeo
759 1099 827 1165 XV.
852 1101 918 1165 694
940 1100 974 1164 in
997 1099 1081 1164 huno
1104 1099 1234 1165 modum
1258 1099 1384 1184 expleri

372 1221 470 1286 voluit
501 1219 755 1286 Siebenkeesius:
788 1217 821 1284 τέ
845 1219 873 1284 δέ
898 1219 952 1283 ὑπὸ
976 1217 1092 1283 πάντων
1115 1218 1186 1296 μέν,
1213 1218 1268 1284 οὐδ’
1291 1219 1363 1294 deod
1374 1267 1382 1295 ,

371 1338 455 1402 danic
486 1339 549 1402 καθ’
578 1335 629 1401 ἕνα
657 1335 732 1411 ἑξῆς.
757 1336 924 1402 Dobraeus
948 1337 1095 1408 coniecit.
1122 1337 1207 1420 quod
1233 1337 1267 1401 in
1291 1341 1384 1402 textu

372 1464 429 1522 est.
470 1455 532 1522 Pro
556 1455 677 1520 σύντονα
701 1455 816 1538 legitur
838 1454 872 1518 in
896 1453 1000 1519 Sohol.
1024 1455 1211 1520 recensione
1237 1455 1382 1520 Diibneri

373 1575 433 1656 (ed.
466 1574 575 1658 Didot)
607 1575 653 1660 [οἱ]
685 1572 853 1650 συμπόται,
890 1594 948 1657 pro
972 1573 1097 1637 σύνθεσιν
1125 1573 1211 1656 apud
1234 1573 1324 1637 Phot.
1350 1576 1383 1638 et

374 1691 477 1759 Schol.
507 1692 602 1758 Arist.
634 1692 716 1756 θέσιν.
765 1690 852 1769 Quae
884 1691 917 1755 in
950 1690 1025 1756 solis
1064 1689 1198 1756 Scholiis
1233 1690 1384 1774 leguntur

371 1810 445 1876 inde
469 1811 509 1876 ab
533 1811 579 1876 ἐπὶ
603 1809 784 1888 οἰκημάτων,
809 1810 841 1874 in
865 1810 904 1876 iis
932 1817 1020 1883 sunt,
1051 1831 1134 1893 quae
1159 1829 1223 1874 non
1246 1829 1382 1893 prorsus

372 1927 565 2011 intellegam.

415 2045 492 2112 ibid.
522 2046 588 2112 494
617 2045 643 2111 Β
674 2046 865 2126 χαραδριὸς
893 2044 960 2123 ὄρνις
982 2070 1044 2122 τις,
1070 2043 1099 2118 ὃς
1124 2043 1191 2122 ἅμα
1214 2047 1254 2126 τῷ
1280 2044 1382 2108 ἐσθίειν
1462 2103 1463 2106 ,

372 2166 498 2245 ἐκκρίνει.
532 2166 571 2236 εἷς
605 2161 634 2228 ὃν
667 2163 916 2243 ἀποβλέψαντες,
950 2166 987 2235 ὥς
1018 2164 1121 2242 λόγος,
1153 2165 1177 2227 οἱ
1205 2164 1382 2260 ἷκτεριῶντες

371 2286 436 2367 ρ’ρῖον
458 2285 720 2348 ἀπαλλάττονται·
744 2281 803 2347 ὅθεν
818 2281 868 2346 καὶ
884 2281 1090 2362 ε’γκρύπτοιιοιν
1112 2282 1199 2347 αὐτὸν
1213 2283 1238 2346 οἱ
1253 2284 1382 2362 πιπράσ-

371 2426 485 2475 κοντες,
510 2398 555 2466 ἵνα
577 2403 620 2479 μη
643 2408 745 2481 προῖκα
768 2404 937 2482 ὠφελῶνται
960 2403 984 2464 οἱ
1008 2401 1175 2476 κάμνοντες.

527 2521 579 2585 καί
600 2543 648 2596 μιν
671 2520 833 2585 καλύπτει·
857 2525 918 2597 μῶν
942 2520 1095 2600 χαραδριὸν
1118 2519 1240 2600 περνάςς

372 2637 408 2710 ὥς
431 2646 519 2721 Φησιν
541 2637 698 2716 Ἱππῶναξ.

418 2757 539 2822 Eadem
563 2757 649 2841 apud
673 2756 820 2835 Suidam,
845 2777 927 2839 quae
950 2755 1002 2820 vix
1029 2756 1104 2822 licet
1120 2756 1286 2842 dubitare,
1303 2758 1384 2841 quin

373 2875 496 2942 Boetho
525 2875 710 2941 debeantur.
743 2873 782 2940 cf.
806 2875 902 2941 Arist.
926 2874 1009 2940 Aves
1034 2875 1098 2940 268
1122 2875 1230 2960 ibique
1253 2875 1382 2942 Scholia

374 3000 407 3060 et
429 3014 512 3077 quae
535 2993 699 3059 adnotavit
720 2991 819 3058 Koch.
844 2975 969 3058 Ruhnk.
993 2994 1035 3057 ad
1058 2992 1136 3058 Tim.
1152 2994 1212 3060 lex.
1227 2995 1260 3059 in
1281 3016 1307 3060 v.
1342 2995 1380 3059 In

372 3111 584 3196 Hipponactis
615 3132 707 3177 versu
739 3110 790 3194 (fr.
814 3109 870 3192 52)
902 3087 1093 3176 Siebenliees
1115 3112 1149 3176 in
1173 3110 1278 3178 Schol.
1301 3112 1379 3176 edit.

374 3238 407 3298 et
436 3229 562 3296 Rnhnk.
591 3230 626 3295 in
656 3229 763 3294 adnot.
793 3229 834 3294 ad
859 3228 936 3294 Tim.
959 3217 1020 3294 leh.
1043 3229 1153 3313 legunt
1175 3237 1297 3314 περιρῐς,
1323 3230 1379 3296 sed

372 3349 425 3416 hic
455 3351 490 3414 in
520 3369 578 3414 sua
611 3347 684 3412 edit.
713 3345 817 3413 Schol.
849 3347 967 3412 rectius
991 3347 1108 3425 περνας.
1142 3347 1203 3413 Ρτο
1232 3348 1381 3413 καλύπτει

372 3468 537 3534 Ruhnken.
569 3468 683 3534 suadet
705 3467 883 3544 καλύπτοι,
909 3467 994 3550 qnod
1017 3471 1125 3532 tamen
1148 3488 1208 3533 neo
1231 3489 1380 3534 necessa·

373 3587 455 3651 rium
479 3594 545 3671 est,
569 3606 628 3650 nec
651 3591 823 3669 receptum.

417 3704 492 3769 ibid.
517 3704 579 3768 497
601 3703 680 3768 Ατὸ
705 3701 873 3783 οὶκκέζεοέ
880 3727 914 3766 αι
938 3703 970 3766 ἐκ
992 3702 1127 3779 γυναικὸς
1145 3703 1270 3783 εἰρῆσθαί
1287 3709 1382 3784 Φαοιν

372 3826 495 3894 Ἀκκοῦς
521 3822 717 3898 καλουμένης,
743 3820 775 3897 ἣν
798 3817 885 3892 οὕτως
908 3822 991 3896 absida
1014 3821 1164 3899 λέγουσιν,
1187 3823 1224 3894 ὡς
1246 3822 1306 3886 cini
1329 3828 1382 3888 τοῦ

374 3942 454 4005 ἱστοῦ
485 3940 627 4016 θοὶμάτιον
659 3937 851 4016 καέελοριένην
882 3940 1017 4020 ἡμίεργον
1040 3939 1259 4023 deotemus,
1283 3938 1323 4010 εἵς
1347 3965 1382 4006 τε

373 4059 407 4124 τὸ
437 4058 596 4138 κάτοπτρον
622 4056 793 4134 βλέπουσαν
816 4059 884 4137 πρὸς
906 4059 957 4131 την
981 4057 1050 4138 παρ’
1073 4058 1164 4134 αὑτῆς
1187 4059 1318 4142 ἔμφορτον
1340 4061 1382 4132 εἰς

373 4177 446 4242 αὐτὸ
478 4175 650 4254 γιγνομένην
684 4177 721 4246 ὡς
755 4175 838 4259 ἔτέρρι
872 4183 1047 4256 προσλαλεῖν
1078 4177 1203 4253 γυναικί.
1233 4177 1382 4255 μέμνηται

372 4296 483 4371 ταύτης
511 4296 677 4380 Ἕρμιππος
707 4294 736 4360 ἐν
767 4293 891 4370 Ἀθηνᾶς
925 4301 1025 4373 γοναῖς
1054 4293 1105 4360 καὶ
1132 4295 1252 4379 ’Ἄμφις
1281 4296 1311 4359 ἕν
1339 4298 1383 4379 τῷ
