3154 5074
854 605 895 674 78

413 815 568 884 Convenit
582 814 715 882 Photius
732 815 766 881 in
782 837 808 882 v.
825 811 872 881 οί·
894 815 1115 895 περισπωμένως
1126 816 1191 880 σίντί
1204 821 1254 881 τοῦ
1266 817 1377 898 ἑαυτῷ,

368 933 503 1012 ὀξυτόνως
535 935 564 1000 δὲ
595 935 628 1000 τὸ
658 930 741 1002 οὗτοι.
774 935 950 1012 Συμποσίιρ·
976 929 1005 998 οί
1023 935 1077 1011 μὲν
1098 936 1157 1015 γαρ
1180 936 1260 1006 εὐθὺς
1283 935 1379 1000 παῖδύ

369 1077 435 1120 τινα
465 1059 521 1120 τῶν
548 1053 624 1118 ἔνδον
646 1054 876 1128 οίπαντιίσαντα.
898 1052 948 1118 καί
970 1050 1003 1120 ού
1026 1053 1091 1118 ύνπί
1114 1059 1164 1119 τοῦ
1187 1055 1287 1120 αὑτοῦ.
1321 1065 1378 1120 Πο-

368 1175 480 1252 λιτεία·
513 1175 590 1248 πλην
621 1170 663 1239 ού.
695 1172 883 1239 Laudantur
913 1171 1020 1258 Symp.
1054 1171 1118 1238 174
1147 1172 1192 1251 Ε,
1225 1173 1303 1258 Rep.
1331 1173 1376 1238 X:

369 1293 432 1358 617
458 1292 493 1358 E.
517 1291 685 1358 Praecedit
716 1292 801 1359 hanc
821 1293 862 1377 gl.
886 1292 973 1378 apud
996 1291 1087 1359 Phon
1110 1287 1153 1356 οί·
1177 1290 1264 1368 ὅπου,
1290 1292 1377 1376 quod

368 1411 492 1496 corrige
515 1435 554 1480 ex
577 1410 715 1479 Scholio.

413 1527 517 1596 Schol.
552 1529 727 1614 Hipparch.
764 1529 875 1594 2291)
911 1528 1015 1602 τέως·
1052 1528 1136 1604 δηλοῖ
1167 1528 1201 1594 τὸ
1233 1534 1375 1622 προτοῦ.

368 1649 565 1724 Δημοσθένης·
587 1649 689 1722 ὁτέως
708 1654 867 1729 προσκυνῶν
887 1649 940 1722 τὴν
958 1648 1048 1713 ύύλον.
1069 1646 1284 1729 ’Λριστοφοίνης
1301 1659 1374 1714 Θεσ-

365 1765 618 1848 μοΦοριαζούσαις·

973 1881 1071 1962 δι’γύι
1093 1884 1178 1961 μύλις

499 2005 778 2087 στεφανηπλοκοῦσ’
800 2003 919 2080 ἔβοσκον
941 2005 971 2068 ἐν
994 2010 1061 2074 ταῖς
1084 2003 1245 2083 μυρρίναις,

498 2122 568 2194 πίας
591 2124 646 2201 μὲν
668 2124 717 2187 ούκ
740 2124 776 2186 ἄν
791 2173 797 2186 .
813 2170 844 2188 ..

367 2239 474 2312 Ζωίλος
498 2242 528 2305 ἐν
549 2243 590 2319 τῷ
614 2242 654 2313 είς
677 2241 858 2325 Πολύφημον
883 2241 1035 2321 ἐγκωμίῳ·
1064 2238 1136 2306 σύτο
1159 2243 1218 2320 γαρ
1241 2242 1374 2318 ύμογνυ·

366 2360 495 2437 μύνησαν
524 2361 548 2425 οί
579 2361 632 2425 ύεοί
661 2360 723 2441 περ)
747 2369 799 2436 τῆς
822 2361 961 2440 τιμωρίας
984 2360 1113 2437 ταύτης,
1136 2357 1210 2425 ι’ίσπε
1235 2361 1375 2426 πάντοθεν

367 2479 526 2570 Ὀδυσσεὺς
555 2479 626 2550 τέως
656 2479 670 2543 ὁ
693 2478 849 2560 σωζόμενος
870 2479 921 2545 καί
943 2479 1000 2552 τὰς
1024 2485 1094 2551 ναῦς
1118 2479 1265 2558 ἀκεραίους
1291 2502 1372 2559 περι-

366 2598 529 2676 ποιούμενος
560 2598 704 2675 περιύΦύη
735 2599 815 2674 μετὰ
844 2600 896 2672 τὴν
925 2599 999 2677 οίροὶν
1030 2597 1160 2673 ὑπὸτῆς
1184 2599 1319 2672 Ἀύηνοῖμ
1344 2601 1374 2662 ἐν

366 2717 395 2783 δὲ
419 2725 478 2789 τοῖς
500 2717 725 2799 Ἀριστοφάνους
748 2722 964 2794 Τελμισσεῦσιν
988 2718 1020 2804 (l.
1043 2718 1284 2802 Τελμησσεῦσιν)
1307 2718 1374 2782 αντὶ

364 2842 415 2902 τοῦ
439 2833 569 2917 πρότερον
592 2844 704 2900 κεῖται·

498 2956 529 3019 ού
551 2954 611 3032 γαρ
633 2950 749 3030 τίύεμεν
771 2951 819 3016 τὸν
841 2953 946 3030 ύγῶνα
968 2952 1048 3018 τύνδε
1069 2953 1118 3018 τὸν
1136 2952 1242 3032 τρίπον

496 3071 589 3150 ύσπερ
612 3071 681 3143 τέως
705 3068 755 3148 ἦν,
783 3072 866 3137 οίλλοὶ
890 3077 991 3137 καινῶν
1015 3073 1211 3152 πραγμύτων.

365 3193 394 3255 ἐν
423 3191 452 3254 δὲ
483 3200 519 3272 τῇ
549 3191 651 3270 Είρύνη
680 3191 693 3255 ύ
725 3189 814 3262 αὐτὸς
845 3190 911 3255 οίντί
933 3196 984 3256 τοῦ
1008 3192 1037 3254 ἐν
1060 3191 1185 3272 τοσούτῳ
1209 3193 1371 3271 κέχρηται,

364 3309 426 3389 περὶ
450 3308 628 3388 ’Τπερβύλου
650 3307 761 3386 λέγων·

497 3429 607 3507 ύπορῶν
626 3430 640 3493 ύ
662 3429 750 3504 δῆμος
774 3427 927 3507 ἐπιτρόπου
950 3428 999 3493 καὶ
1023 3428 1133 3506 γυμνὸς
1156 3429 1191 3494 ὢν

496 3553 596 3614 τοῦτον
618 3548 687 3620 τέως
711 3547 760 3613 τὸν
782 3545 871 3626 ἄνδρα
894 3547 1096 3628 περιεζώσατο.

363 3667 412 3733 καί
443 3667 484 3733 ἔτι
517 3668 545 3730 ἐν
575 3677 612 3746 τῇ
644 3666 745 3748 Είρύνρη
776 3664 891 3747 εὕρηται
924 3666 988 3732 ἀντὶ
1019 3673 1070 3732 τού
1101 3663 1169 3739 ἕως·
1197 3641 1279 3744 λέγει
1303 3667 1332 3734 δὲ
1356 3671 1370 3734 o‘

363 3788 530 3870 ξπποκομῶν
552 3785 601 3850 τὸν
623 3784 760 3862 κοίνύαρον

496 3903 597 3984 ἔρειδε,
621 3904 663 3980 μὴ
686 3902 815 3968 παύσαιο
837 3899 977 3979 μηδέποτ’
1000 3902 1097 3967 ε’σίίοον

496 4023 566 4095 τέως
589 4021 640 4094 ἕως
664 4021 751 4088 αὑτὸν
774 4020 862 4102 λοίύης
885 4022 1055 4103 διαρραγείς.

362 4143 411 4210 καί
444 4141 624 4220 Δημοσθένης
656 4142 684 4205 ἐν
716 4143 756 4222 τῷ
787 4149 839 4214 τῆς
870 4140 1112 4220 παραπρεσβείας
1135 4141 1199 4207 σίνπί
1225 4149 1275 4210 τού
1298 4140 1367 4216 ἕως·

362 4262 427 4329 σίντὶ
450 4263 479 4326 δὲ
501 4267 552 4328 τοῦ
576 4259 704 4339 Εύβοιαν
727 4259 896 4335 αποδούῆναι
919 4259 982 4340 περί
1005 4266 1124 4341 Δρυμοῦ
1148 4259 1198 4324 καί
1221 4267 1274 4348 τῆς
1298 4263 1367 4343 πρὸς
