3150 5080
838 668 881 732 22

358 875 461 939 missis
496 894 560 938 non
594 893 719 956 semper
754 878 841 939 recte
872 871 1036 938 Naberum
1068 873 1102 937 in
1133 873 1248 956 glossis
1282 873 1371 956 apud

232 1028 251 1058 a
360 993 504 1058 Photium
535 994 575 1057 ad
604 991 733 1057 Scholia
755 991 922 1057 Platonica
943 1013 1134 1074 provocasse
1158 993 1310 1058 indicavit
1341 998 1373 1058 ct

359 1111 586 1176 demonstravit
620 1111 780 1176 Mettauer
814 1133 864 1195 pg.
902 1112 943 1176 76
976 1132 1065 1195 seqq.
1097 1110 1235 1176 afferens
1268 1111 1372 1179 Schol.

360 1229 453 1314 Legg.
483 1229 549 1295 Ill:
578 1229 641 1294 855
669 1230 698 1294 D
733 1231 815 1294 κοντοὶ
849 1229 882 1294 τὸ
916 1231 1034 1306 στόμα,
1071 1229 1150 1314 Rep.
1186 1229 1237 1295 X:
1262 1229 1373 1296 607Β

359 1349 521 1428 λακέρυζα,
549 1347 678 1412 Axioch.
703 1347 768 1412 365
789 1349 816 1411 A
840 1347 1060 1425 συνειλεγμένον
1084 1349 1139 1418 τὰς
1164 1348 1267 1428 atbar,
1292 1347 1374 1414 adde

359 1466 454 1550 Legg.
477 1466 558 1531 XII:
583 1467 647 1530 969
666 1466 692 1530 Β
717 1463 808 1546 ὕπαρ,
834 1465 914 1530 Tim.
939 1466 982 1550 25
1004 1468 1032 1532 Ι)
1056 1467 1374 1550 veneratioribus
1432 1493 1436 1498 ’

360 1585 474 1669 glossis
505 1585 591 1668 apud
624 1583 771 1649 Photium
802 1582 949 1649 Naberus
981 1584 1062 1649 haec
1095 1584 1224 1651 Scholia
1246 1585 1373 1662 laudat,

361 1725 432 1768 cum
456 1712 569 1768 contra
591 1708 743 1785 uterque,
766 1700 899 1766 Photins
927 1711 959 1767 et
984 1702 1180 1780 Scholiasta,
1198 1715 1257 1769 sua
1274 1704 1372 1768 multe

362 1823 468 1908 potius
497 1822 559 1904 ipsi
591 1821 791 1902 Diogeniano
825 1820 951 1886 debeat.
998 1820 1122 1904 Operae
1154 1823 1291 1904 pretium
1325 1831 1373 1887 est

361 1942 401 2026 gl,
425 1939 546 2016 τέναγος
567 1940 677 2022 paullo
700 1940 880 2004 accuratius
904 1941 1114 2005 considerare.
1141 1941 1250 2006 Habet
1270 1939 1373 2006 Schol.

362 2059 480 2124 Timae.
504 2059 546 2123 25
565 2058 610 2122 D:
634 2064 718 2121 τοῦτο
745 2057 794 2120 καὶ
818 2059 841 2122 οἱ
865 2059 931 2130 τοὺς
955 2059 1044 2138 ἐκείνῃ
1066 2060 1171 2130 τόπους
1195 2061 1371 2139 ἱστοροῦντες

362 2178 509 2260 λέγουσιν,
533 2179 570 2248 ὡς
594 2175 695 2240 adura
719 2177 868 2253 τεναγώδη
892 2180 941 2241 τὸν
966 2179 1028 2242 ἐκεῖ
1044 2175 1116 2243 εἶναι
1137 2185 1239 2258 χῶρον.
1253 2180 1374 2256 τέναγος

362 2299 391 2362 δέ
424 2298 502 2361 ἐστιν
536 2297 599 2367 ἰλύς
622 2319 666 2366 τις
690 2294 914 2376 ἐπιπολάζοντος
939 2295 1042 2369 ὕδατος
1066 2300 1097 2360 οὐ
1121 2304 1232 2363 πολλοῦ
1255 2299 1305 2363 καὶ
1327 2298 1377 2375 βο-

364 2415 453 2491 τιένιις
484 2413 709 2494 ἕτιΦοιινομέννις
740 2415 848 2494 τούτῳ,
875 2417 891 2490 ἢ
915 2416 1032 2490 πηλώδη
1057 2418 1198 2494 τελοὶγιι,
1224 2418 1240 2492 ἢ
1265 2417 1375 2496 διάβρο-

365 2558 414 2615 χοι
439 2533 455 2608 ἢ
479 2533 613 2612 κάθυγροι
637 2533 730 2600 τόποι.
762 2533 852 2599 Prior
875 2555 951 2616 pars
976 2533 1094 2599 Scholii
1118 2556 1157 2599 ex
1172 2534 1276 2600 Procli
1294 2557 1378 2600 com-

365 2659 459 2718 ment.
483 2675 533 2737 pg.
553 2652 593 2716 58
613 2652 640 2717 B
656 2649 763 2731 fluxit,
781 2659 850 2717 tum
867 2653 935 2718 voci
953 2653 1117 2729 τεναγώδης
1135 2654 1378 2738 explicationem

366 2773 451 2837 vocis
460 2771 581 2848 τέναγος
592 2769 773 2836 Scholiasta
781 2770 905 2836 addidit
915 2793 953 2836 ex
962 2773 1171 2856 Diogeniano.
1184 2773 1232 2839 Cf.
1241 2773 1376 2857 Hesych.

366 2890 449 2956 Nam
481 2911 550 2955 cum
584 2910 742 2972 nusquam
773 2889 859 2974 apud
883 2889 1050 2955 Platonem
1074 2893 1195 2967 τέναγος
1220 2893 1268 2956 vel
1291 2915 1373 2955 τενα-

366 3009 460 3087 γώδης
483 3010 620 3091 legatur,
645 3008 733 3072 nulla
753 3030 852 3074 causa
874 3013 964 3085 erat,
983 3030 1039 3073 cur
1055 3009 1136 3075 haec
1151 3032 1213 3075 vox
1228 3011 1262 3075 in
1278 3011 1378 3075 lexico

370 3129 537 3194 Platonico
554 3128 777 3212 explicaretur,
794 3134 826 3192 et
837 3127 903 3193 fere
917 3135 1044 3194 constat
1057 3129 1271 3195 Scholiastam
1285 3137 1380 3214 atque

368 3247 515 3312 Photium
546 3285 591 3296 -—
623 3248 677 3330 qui
710 3247 823 3312 eadem
851 3247 985 3330 praehet
1009 3255 1107 3331 atque
1133 3247 1314 3314 Scholiasta
1339 3287 1380 3296 -

368 3367 461 3432 huius
484 3367 570 3432 vocis
594 3365 839 3449 explicationem
864 3387 885 3430 a
908 3365 1105 3450 Diogeniano
1125 3368 1296 3451 accepisse.
1322 3367 1380 3432 Ve-

368 3506 438 3548 rum
462 3505 502 3548 ne
525 3485 595 3568 ipse
619 3484 747 3566 quidem
774 3482 921 3548 Naberus
943 3483 977 3548 in
1001 3483 1051 3549 his
1075 3505 1200 3567 semper
1223 3485 1285 3549 sibi
1308 3507 1381 3550 con-

369 3609 448 3688 stat,
473 3603 528 3687 qui
551 3603 684 3685 glossas·
700 3603 829 3683 στείχειν
854 3610 887 3667 et
910 3603 1016 3675 ὅμαδον
1037 3603 1123 3686 apud
1139 3603 1383 3668 Photiuminter

369 3722 557 3789 Homericae
577 3721 737 3807 retulerit,
759 3743 954 3805 quamquam
975 3723 1087 3787 eodem
1105 3723 1190 3801 iure,
1208 3745 1271 3806 quo
1284 3724 1382 3799 alias,

369 3845 502 3909 laudare
525 3850 676 3926 potuerat
699 3840 802 3907 Schol.
839 3841 1013 3925 Hipparch.
1038 3843 1102 3906 229
1123 3843 1151 3906 A
1174 3849 1206 3908 et
1229 3842 1309 3926 Rep.
1332 3842 1381 3906 II:
1414 3829 1417 3838 ’

371 3963 436 4027 364
452 3963 487 4026 Ε.
511 3961 589 4026 Esse
613 3969 738 4044 autem,
762 3980 845 4044 quae
866 3960 985 4025 Naberi
1006 3961 1149 4044 opinioni
1165 3960 1309 4038 faveant,
1322 3961 1383 4026 hoc

370 4081 498 4146 minime
522 4079 721 4164 negaverim,
745 4085 796 4143 ut:

417 4198 521 4264 Schol.
545 4197 680 4263 Phaedr.
705 4197 811 4262 2341)
835 4197 1050 4275 γοένννοθαι·
1073 4199 1292 4279 Φαιδρύνεσθαι,
1310 4200 1393 4280 χαί-ν

372 4345 439 4396 ςειν,
460 4319 639 4398 ,διαχεῖν-θαι.
