3150 5080
883 611 926 676 30

396 821 498 887 lexico
522 821 694 906 integriore
719 820 926 903 Diogenioni‚
956 840 1053 903 quam
1076 818 1171 886 hodie
1194 821 1228 886 in
1251 819 1412 905 Hesychio

397 949 561 1026 superest,
584 937 716 1006 fluxisse
740 929 894 1006 videntur.

441 1057 545 1126 Schol.
569 1058 688 1125 Phaed.
713 1058 758 1124 65
778 1057 805 1122 Β
829 1053 847 1131 ἦ
870 1059 893 1122 δ’
917 1055 968 1130 ic·
993 1059 1045 1124 ἐὰν
1063 1058 1116 1134 μὲν
1134 1057 1211 1139 ἦδιίο
1224 1056 1411 1138 μέρηλίγον,

395 1178 479 1244 ἔσται
511 1179 568 1257 ἔφη
599 1178 628 1242 δὲ
659 1174 705 1254 ts,
738 1178 886 1244 τουτέστιν
915 1178 973 1259 ἔφη
998 1177 1027 1242 δὲ
1052 1174 1150 1250 οὗτος·
1178 1179 1203 1243 oi
1225 1179 1251 1242 d*
1273 1155 1413 1254 ιλέγουσιν

396 1295 439 1362 ίτι
463 1297 534 1362 αὐτὸ
558 1295 640 1373 μόνον
664 1297 798 1374 σημαίνοι
825 1297 858 1362 τί
881 1297 950 1378 ἔφη.
977 1298 1027 1362 ίαν
1051 1297 1080 1362 δὲ
1103 1294 1119 1378 ἦ
1144 1292 1173 1360 ἓν
1197 1295 1280 1375 μέρος
1304 1296 1410 1373 λόγου,

395 1413 479 1480 ἔσται
502 1415 589 1496 Φίλος
619 1417 657 1486 ὥς
688 1418 831 1491 Ἀθηναῖοι
838 1465 848 1494 ,
877 1415 893 1489 ἦ
918 1415 1023 1510 ὄφελος
1046 1417 1083 1486 ὥς
1107 1416 1282 1497 Αίγινῆπαι,
1309 1415 1325 1490 ἦ
1349 1413 1410 1492 ὅξος

395 1535 432 1604 ὥς
466 1534 637 1608 Χαλκιδεῖς,
670 1529 691 1614 ᾧ
725 1534 794 1612 πρὸς
825 1537 866 1600 πίι
889 1535 951 1613 ίερίι
974 1541 1112 1615 χρῶνται.
1139 1533 1284 1600 τοίττεται
1309 1534 1338 1598 δὲ
1362 1535 1409 1598 ἕπί

396 1654 505 1723 παντὸς
528 1652 679 1732 προσώπου
702 1653 751 1717 καί
775 1655 911 1733 opetum,
937 1655 974 1726 ιίς
997 1653 1031 1718 τὸ
1053 1647 1074 1718 ὦ
1096 1656 1162 1720 τᾶν.

411 1779 416 1792 “
440 1771 587 1838 Glossam
605 1794 645 1838 ex
659 1772 858 1857 Diogenisno
871 1771 1050 1839 desumtam
1063 1795 1133 1839 osse
1146 1778 1254 1839 censet
1267 1771 1408 1838 Schmid-

394 1892 477 1970 tius‚
507 1913 602 1975 quem
633 1891 740 1975 potius
764 1893 926 1975 sequimur
950 1912 1046 1976 quam
1072 1892 1235 1958 Naberum
1260 1892 1302 1958 ad
1326 1892 1412 1958 Pho-

395 2011 474 2076 tium
498 2032 526 2075 ν.
550 2008 567 2085 ἦ
589 2011 613 2074 δ’
637 2007 677 2081 ὅς.
710 2009 758 2076 cf.
782 2010 918 2095 Hesych.
942 2033 968 2075 ν.
993 2006 1054 2085 ἦδος
1078 2017 1110 2076 et
1133 2009 1209 2081 οίδος.
1241 2010 1407 2076 Neminem

395 2150 536 2213 unquam
565 2128 683 2195 dixisse
711 2123 773 2202 ἦδος
797 2150 857 2212 pro
881 2129 968 2208 Φίλος
992 2129 1096 2195 habeo
1119 2130 1409 2213 persuasissimum.
1441 2109 1445 2119 ¹

395 2249 443 2313 De
478 2246 708 2332 significatione
743 2246 848 2330 ὄφελος
884 2248 922 2314 of.
957 2248 993 2314 Il.
1025 2259 1067 2312 Σι
1103 2248 1163 2328 80,
1188 2249 1236 2314 A:
1265 2249 1331 2315 576
1355 2249 1410 2314 uhi

397 2366 544 2433 Scholia:
568 2364 648 2440 ἦδος·
675 2368 774 2444 ἦδονῆ,
800 2368 940 2447 ὠφέλεια.
964 2367 1096 2432 Acetum
1119 2365 1317 2451 significasse
1337 2367 1409 2432 vide

397 2486 484 2571 opud
516 2486 718 2552 Athenaeum
750 2489 789 2571 2,
821 2487 862 2551 67
888 2485 928 2564 0,
957 2485 1076 2552 Polluc.
1100 2488 1142 2552 6:
1166 2486 1225 2571 65,
1250 2485 1407 2551 Zonaram

394 2627 448 2694 pg.
481 2605 565 2671 1457
600 2605 795 2690 (Cyrenaeos
824 2605 870 2670 sic
899 2604 1048 2690 dixisse),
1071 2604 1196 2671 Aelium
1219 2604 1408 2689 Dionysium
1450 2673 1453 2678 ,

395 2725 481 2809 apud
512 2723 716 2792 Eustothium
752 2724 852 2810 1417,
881 2725 934 2789 21.
968 2711 1075 2790 Verba
1099 2722 1236 2790 Soholii:
1259 2724 1406 2788 τιίττεται

394 2842 423 2905 δὲ
446 2844 493 2906 ἐπὶ
518 2842 578 2906 κτὲ.
604 2842 631 2907 si
655 2847 802 2925 spectant
824 2863 932 2907 vooem
956 2836 1019 2915 ἦδος
1043 2843 1100 2928 (z
1123 2843 1243 2925 φίλοι),
1267 2849 1355 2908 reete
1374 2862 1407 2908 se

395 2959 531 3038 habent,
558 2961 607 3026 sin
630 2982 704 3027 vero
728 2955 746 3034 ἦ
768 2961 792 3026 δ’
812 2957 854 3040 ie,
880 2977 970 3027 error
994 2961 1112 3027 subest.
1136 2960 1218 3025 Vide
1233 2959 1351 3026 Naber.
1366 2959 1407 3024 l.l.

438 3077 541 3144 Schol.
571 3077 700 3144 Theaet.
734 3079 797 3144 160
825 3078 852 3142 Ε
884 3080 1129 3159 αμφιδρίμια·
1161 3077 1255 3158 ἦμὲρα
1282 3079 1405 3156 πέμπτη

393 3203 452 3268 τοῖς
472 3185 610 3276 βρέφεσιν
629 3198 662 3260 εἰι
682 3196 837 3273 γενέσεως,
858 3195 930 3262 οὕτω
952 3198 1091 3272 κληθεῖσα
1109 3195 1179 3276 παρ’
1195 3193 1258 3262 ὅσον
1269 3199 1297 3261 ἐν
1309 3197 1405 3277 παύση

393 3316 555 3395 καθαίρουσι
579 3315 634 3386 τοὶς
658 3323 761 3394 χεῖρας
788 3317 820 3378 αἱ
840 3315 1089 3395 σννεφαψοίμεναι
1107 3316 1338 3398 πῆςμαιοίσεως,
1355 3317 1404 3381 καί

392 3436 426 3500 τὸ
480 3435 566 3514 ρέΦος
598 3436 660 3513 περὶ
692 3437 744 3508 τῆν
775 3435 875 3500 ἑστίαν
897 3436 1014 3518 φέρουσι
1037 3435 1194 3516 τρέχουσαι
1217 3434 1330 3516 κύκλῳ,
1355 3435 1404 3501 καί

393 3553 520 3630 τοῦνομα
552 3553 676 3616 τίθενται
700 3553 805 3632 τούτῳ,
832 3553 905 3634 δῶροί
929 3579 961 3618 τε
986 3552 1134 3632 πέμπουσι
1157 3555 1197 3633 τῷ
1221 3552 1344 3636 παιδίῳ,
1368 3558 1404 3628 ὡς

394 3672 441 3736 ε’πί
472 3671 506 3737 τὸ
537 3678 675 3736 πλεῖστον
706 3672 873 3744 πολύποδας
905 3672 954 3737 καί
986 3675 1113 3758 σηπίας,
1143 3670 1173 3738 οί
1193 3698 1227 3738 τε
1250 3675 1331 3756 φίλοι
1354 3673 1404 3737 καί

393 3793 482 3856 οἰκεῖοι
506 3790 556 3854 καί
580 3790 682 3863 sinodo
705 3792 729 3856 oi
753 3792 953 3872 προσέχοντες.

437 3909 531 3993 Apud
555 3908 686 3974 Suidam
710 3909 792 3975 odeo
818 3911 934 3978 similia
954 3910 1112 3995 leguntur,
1128 3915 1165 3974 ut
1182 3909 1324 3975 dubitari
1341 3931 1403 3976 uon

393 4031 511 4115 possit,
536 4031 613 4113 quin
637 4030 776 4094 indidem
793 4028 957 4108 fluxerint3
974 4030 1025 4094 via
1040 4035 1148 4094 tamen
1165 4029 1297 4094 diversa.
1321 4029 1402 4095 Nam

392 4169 475 4231 quae
506 4149 539 4213 iu
569 4146 695 4213 Soholio
725 4149 884 4232 leguntur,
909 4148 1026 4214 collato
1049 4147 1207 4232 Hesychio
1232 4149 1341 4212 statim
1365 4168 1404 4214 ex

391 4266 590 4350 Diogeniano
624 4267 726 4350 petito
760 4266 900 4332 arbitror
933 4287 954 4331 a
985 4265 1182 4344 Scholiasta3
1215 4285 1298 4349 quae
1329 4286 1403 4332 vero
