3150 5080
839 609 883 671 44

357 811 492 888 οιώδιις·
527 813 593 890 πρὸς
628 812 700 891 βίον
735 818 887 891 ποιουμένη
923 817 939 890 ἢ
972 815 1218 902 οὶμιιιτοονομένν,
1253 820 1286 880 ἐκ
1319 824 1369 881 τοῦ

358 929 494 1010 οὶλιτνὶριοι
535 930 674 1033 ὀνόματος
709 933 894 1012 παρηγμένον.
931 933 1012 998 aar&
1048 936 1190 1000 Διονύσιον
1229 934 1289 1012 γὰρ
1323 935 1371 999 τὸν

358 1050 592 1128 Ἀλικοορνοοοοέοο
614 1058 701 1129 λιμοῦ
728 1053 880 1130 γενομένου
901 1053 1054 1128 ,Ἀθήνησιν
1077 1053 1101 1117 οἱ
1125 1053 1245 1128 πένητος
1261 1063 1372 1132 προφε-

358 1167 462 1247 ρόμενοι
493 1167 604 1249 baruca
634 1169 801 1252 διήρπαζον·
825 1173 990 1253 ἐλέχθκοοιν
1016 1170 1062 1238 οὖν
1086 1174 1110 1237 οἱ
1134 1172 1200 1245 τοὺς
1223 1175 1370 1244 οὶλοῦοτοις

359 1287 556 1367 ἐπιτηροῦντες
587 1289 735 1369 ἀλιτήριοι.
767 1290 880 1357 διέτεινε
905 1292 934 1356 δὲ
957 1292 990 1355 τὸ
1014 1291 1120 1370 ὄνομιι,
1149 1291 1222 1357 ὥστε
1247 1292 1297 1356 nal
1321 1292 1371 1356 ἐπὶ

359 1407 476 1471 πάντων
487 1413 543 1472 τῶν
559 1409 639 1484 μεποὶ
654 1409 725 1486 βίοις
741 1434 770 1473 τι
786 1411 936 1477 ποιούντων
952 1413 969 1487 ἢ
983 1411 1207 1492 ἁμαρτανόντων
1219 1411 1370 1488 λέγετθοοι.

359 1525 421 1590 Per
436 1547 485 1626 'se
517 1525 596 1593 baec
627 1527 734 1611 glossa
764 1550 828 1594 non
863 1530 996 1596 multum
1022 1531 1272 1607 demonstraret,
1297 1530 1374 1614 quia

362 1643 541 1709 Scholiasta
564 1667 602 1711 ex
626 1647 696 1730 ipso
716 1647 805 1712 Aelio
832 1649 981 1733 Dionysio
1001 1649 1047 1712 sic
1064 1669 1233 1732 excerpere
1250 1648 1373 1730 potuit;

362 1762 417 1826 serl
450 1762 566 1846 legitur
597 1764 694 1829 etiam
725 1766 758 1829 in
790 1765 906 1831 Milleri
937 1765 1100 1850 Melanges
1129 1767 1168 1831 de
1191 1763 1373 1830 litterature

362 1902 497 1966 grecque
521 1906 571 1968 pg.
596 1885 675 1960 411,
693 1890 789 1967 atque
805 1886 1003 1969 probabilius
1019 1895 1069 1950 est
1085 1906 1122 1950 eo
1138 1885 1370 1968 immigrarisse

363 2021 380 2064 a
404 1999 525 2067 Boetho
548 2022 645 2086 quam
669 2023 686 2067 e
710 2002 858 2083 Scholiis3
883 2003 1039 2069 Zenodori
1064 2010 1166 2087 certe,
1183 2003 1266 2067 inter
1281 2002 1370 2066 cuius

363 2119 514 2203 reliquias
526 2122 570 2186 ibi
582 2121 706 2206 legitur,
720 2143 783 2188 non
797 2141 867 2193 esse
884 2123 1178 2188 docuitFresenius
1194 2122 1227 2186 in
1246 2122 1372 2186 Disser-

363 2238 484 2304 tatione
499 2238 694 2322 Philologica
708 2262 759 2324 pg.
773 2242 824 2305 29.
841 2239 1002 2305 —Etiam
1016 2240 1144 2306 maioris
1157 2241 1309 2305 momenti
1321 2245 1372 2305 est

364 2357 511 2421 Photium
543 2365 576 2422 et
606 2357 817 2423 Scholiastam
847 2359 881 2423 in
912 2357 1018 2441 glossa
1049 2357 1184 2423 Aeliana
1211 2357 1372 2423 tradenda

364 2474 534 2558 aliquoties
565 2475 606 2540 ad
636 2477 768 2541 verbum
792 2478 875 2542 inter
898 2497 932 2542 se
955 2476 1139 2556 convenire,
1164 2477 1372 2542 cum'Eusta-

364 2593 451 2658 thius
474 2593 618 2658 nonnihil
642 2592 784 2673 differat3
807 2615 901 2678 quem
926 2615 1114 2660 consensum
1139 2615 1242 2678 neque
1259 2593 1376 2660 melius

364 2733 468 2796 neque
498 2710 624 2780 facilius
655 2713 814 2798 explicare
846 2713 922 2778 mihi
953 2734 1083 2798 possum
1113 2713 1175 2778 nisi
1199 2710 1371 2778 statuendo

366 2829 578 2896 Scholiastam
610 2840 643 2897 at
673 2831 821 2897 Photium
855 2852 914 2897 sua
944 2853 962 2896 e
995 2831 1118 2898 Boetho
1149 2829 1287 2909 habere,
1321 2829 1379 2913 qui

365 2949 551 3035 Dionysium
575 2951 697 3017 adierit
720 2951 758 3016 cf.
782 2972 808 3017 e.
833 2971 858 3016 c.
882 2951 929 3014 ἐπὶ
954 2953 1072 3030 κόνιος,
1097 2945 1226 3026 abactor.
1266 2949 1377 3033 Neque

366 3069 427 3133 hoc
450 3067 677 3152 neglegendum
702 3070 735 3134 in
758 3070 889 3154 glossis,
914 3091 996 3155 quae
1021 3070 1099 3135 satis
1123 3075 1212 3134 certo
1239 3068 1283 3133 ad
1299 3068 1378 3133 Boe-

367 3185 457 3250 thum
487 3186 681 3267 referantur,
714 3189 845 3274 vestigia
868 3187 1012 3272 Dionysii
1036 3209 1100 3252 non
1123 3187 1246 3253 deesse.
1272 3185 1310 3252 cf.
1335 3186 1377 3269 gl

367 3312 483 3384 Φοιῦλοο
496 3307 582 3392 apud
600 3307 748 3373 Photium
764 3305 841 3392 ibiq.
856 3307 971 3372 Naber.
1000 3307 1089 3372 Haec
1105 3305 1282 3382 habebam,
1295 3325 1379 3389 quae

368 3421 407 3490 de
423 3423 575 3510 Dionysio
591 3425 767 3509 praefarer.
798 3424 890 3490 Nunc
905 3425 1017 3509 paucis
1035 3424 1075 3490 de
1087 3424 1249 3490 Pausania
1260 3423 1377 3488 dicam.

413 3541 578 3628 Nusquam
596 3543 630 3609 in
642 3543 776 3610 Scholiis
789 3544 975 3608 nominatim
988 3543 1140 3608 laudator
1152 3541 1329 3607 Pausanias
1338 3541 1379 3625 1);

369 3669 512 3729 attamen
535 3664 646 3749 procul
669 3662 733 3728 ullo
757 3661 854 3728 dubio
873 3663 970 3728 etiam
996 3683 1036 3726 ex
1051 3662 1118 3728 eius
1134 3660 1235 3726 lexico
1252 3660 1379 3744 glossae

370 3781 534 3849 desumtae
553 3791 626 3848 sunt
646 3802 672 3848 e.
693 3802 718 3847 c.
741 3780 845 3848 Schol.
868 3779 995 3846 Obarm.
1018 3779 1081 3844 154
1098 3781 1123 3843 B
1139 3783 1227 3852 λευκὴ
1244 3778 1379 3856 andlan,

375 4021 571 4030 μ.-

403 4188 431 4254 1)
454 4187 629 4251 Riudlleisch,
654 4185 700 4250 qui
723 4185 758 4235 l.l.
782 4199 825 4250 pg.
842 4182 872 4232 21
892 4181 1006 4232 affirmat
1023 4178 1192 4229 scholiastam
1212 4176 1382 4229 Platonicum

372 4286 452 4338 semel
469 4285 628 4335 Pausaniam
646 4281 803 4334 nominatim
820 4281 943 4345 laudare,
960 4279 1069 4331 fallitur.
