3154 5074
693 631 733 695 ’11

205 839 255 902 nai
278 837 460 912 Δνμοοάέννς
480 839 508 902 ἕν
525 803 567 916 τῷ
586 839 667 902 κριτοὶ
688 841 940 919 Ἀριστοκράτους·
964 843 1061 905 οὐκοῦν
1085 842 1108 905 εἰ
1122 841 1175 916 μέν
1187 865 1215 904 τι

206 956 328 1032 ἐάσομεν
351 956 458 1021 τούτων
482 957 663 1032 συμβάντων
688 958 784 1039 ὑμᾶς,
809 961 840 1022 οὐ
863 960 994 1038 κοάιιροῑς
1018 960 1088 1034 ὁμοῦ
1112 959 1215 1042 διοιτρί-

204 1081 309 1154 ψομεν.
333 1074 394 1139 ἔστι
418 1075 466 1138 nat
490 1075 626 1154 χρονικόν.
673 1085 827 1154 Σοφοκλῆς
857 1077 1000 1143 Οἰδίποδι·

315 1197 316 1200 ’
383 1194 467 1264 πόλις
492 1193 516 1258 δ’
539 1195 610 1271 aaut
634 1195 687 1270 μὲν
711 1194 903 1271 θυμιαμάτων
925 1195 1032 1272 γέμει,

383 1313 458 1386 ὁμοῦ,
475 1313 504 1376 δὲ
528 1313 659 1378 ποιιάνων
682 1338 716 1377 τε
739 1314 787 1377 rai
812 1313 1039 1391 στεναγμάτων.

205 1431 268 1510 ἔχει
292 1432 341 1495 ua>
364 1431 484 1509 δύνομιν
508 1434 716 1515 ονλλεκτικιὶν,
739 1436 775 1504 ὡς
797 1435 878 1511 τοιρά
890 1434 1045 1514 Μενάνδρῳ
1058 1437 1085 1499 ἐν
1098 1435 1213 1515 Ὑδρίᾳ·

204 1537 235 1614 οἷ’
252 1557 362 1634 Θρᾷκες
386 1549 554 1630 Λιβάτρωες
578 1557 753 1616 καλοῦνται·
787 1552 888 1618 τάντοι
912 1558 959 1617 νῦν
984 1553 1034 1628 ἤδη
1058 1555 1109 1617 ’σθ’
1133 1555 1213 1631 ὁμοῦ.

204 1665 272 1748 ὅπερ
295 1669 377 1744 δηλοῖ
396 1669 429 1732 ri
452 1671 480 1733 ἐν
504 1672 544 1748 τῷ
568 1671 658 1749 αὐτῷ.

249 1785 365 1852 Boethi
387 1787 495 1871 glossa
518 1792 574 1852 est.
604 1787 642 1852 cf.
667 1785 777 1853 Cobet.
806 1787 958 1854 Mnemos.
982 1788 1028 1852 IX
1052 1811 1105 1872 pg.
1128 1789 1214 1866 430,

204 1904 318 1970 Nabar.
351 1905 472 1990 Proleg.
504 1929 556 1990 pg.
591 1906 662 1972 108.
698 1905 835 1990 Propter
856 1906 991 1972 formam
1015 1907 1215 1973 Boethuma

206 2024 373 2109 Pamphilo
399 2034 579 2092 mutuatum
602 2046 672 2092 esse
695 2026 891 2091 crediderim.
917 2026 956 2091 cf.
979 2048 1078 2111 snpra
1094 2049 1144 2110 pg.
1162 2029 1214 2104 673

205 2144 277 2208 vide
316 2143 412 2208 etiam
448 2143 642 2228 Hesychium
678 2150 711 2210 et
745 2144 1032 2229 Harpocrationem
1067 2145 1099 2209 in
1130 2167 1213 2210 voce.

204 2263 289 2329 Fieri
321 2272 428 2329 tamen
460 2267 582 2347 potest,
615 2271 651 2329 nt
674 2264 833 2347 quaedam
858 2285 897 2329 ex
921 2264 1072 2350 Dionysio
1096 2263 1214 2330 admis-

206 2382 314 2447 cuerit.
347 2381 386 2448 cf.
419 2381 536 2448 Naber.
568 2381 690 2467 Proleg.
716 2405 764 2466 pg.
790 2384 848 2462 36,
881 2382 1027 2448 Eustath.
1059 2383 1099 2448 ad
1123 2382 1213 2448 Iliad.

205 2522 234 2583 p.
266 2501 347 2580 878,
370 2500 447 2566 Lex.
469 2501 549 2566 rhet.
573 2500 671 2566 Bekk.
695 2501 777 2579 285,
805 2504 839 2565 l:
864 2503 969 2577 ὁμοῦ·
1002 2506 1034 2568 οὐ
1065 2497 1149 2579 μόνον
1180 2503 1213 2567 τὸ

202 2597 279 2700 μιμῇ
300 2643 329 2684 τι
353 2618 480 2699 spata,
505 2622 588 2684 άλλά
612 2620 661 2684 nai
685 2620 750 2684 άντὶ
773 2627 823 2685 τοῦ
847 2621 959 2698 ἔρνος,
979 2625 1027 2686 nai
1047 2621 1095 2684 ἐπὶ
1111 2621 1212 2700 χρόνον

205 2738 253 2802 rai
287 2712 334 2802 εἰι1
365 2738 462 2803 τόπον.
500 2737 724 2803 Demosthenis
747 2737 809 2802 1οοί
836 2738 1035 2804 emendatius
1063 2739 1212 2822 leguntur

204 2857 244 2921 de
266 2856 351 2922 falsa
373 2857 466 2940 legat.
491 2859 508 2940 d
529 2855 608 2936 251,
625 2856 658 2919 in
674 2855 812 2940 Aristog.
837 2855 852 2920 I
876 2861 895 2938 ξ
919 2856 976 2932 51,
1001 2857 1035 2920 in
1058 2856 1211 2920 Aristum.

205 2975 299 3056 543.
334 2975 501 3040 Menandri
533 2975 638 3039 locum
670 2975 824 3042 imitando
857 2976 1015 3058 expressit
1042 2973 1209 3040 Terentius

204 3093 417 3158 Heautontim.
453 3095 486 3171 1,
514 3094 550 3170 1,
578 3094 635 3156 10:
659 3091 742 3157 Nam
765 3091 848 3176 proh
872 3092 965 3156 deum
988 3097 1086 3175 atque
1109 3092 1210 3156 homi-

204 3232 279 3274 num
294 3209 402 3287 fidem,
419 3211 494 3293 quid
511 3210 556 3274 vis
572 3208 654 3275 tibi?
671 3211 748 3293 quid
765 3210 913 3294 qnaeris?
929 3231 1029 3275 annos
1043 3210 1211 3292 sexaginta

203 3334 298 3394 natus
322 3349 373 3407 es,
397 3335 453 3392 aut
475 3329 565 3411 plus,
588 3335 625 3393 ut
648 3329 777 3394 conicio.
795 3328 944 3394 cf.·Mein.
960 3327 1047 3394 Gom.
1065 3328 1118 3393 IV.
1139 3331 1210 3394 110.

203 3447 424 3531 Aristophanis
455 3446 567 3530 fragm.
598 3453 648 3513 est
679 3448 765 3531 apud
798 3447 938 3512 Dindord.
970 3447 1057 3513 Post.
1082 3447 1129 3513 Sc.
1154 3447 1208 3512 Gr.

203 3566 316 3650 fragm.
354 3565 429 3632 458.
465 3565 554 3632 Iliad.
590 3575 629 3644 Ψ,
664 3565 707 3630 84
744 3565 861 3650 legitur
896 3568 923 3630 ἐν
955 3567 1121 3645 ὑμετέροισι.
1158 3566 1209 3630 Ad

203 3683 372 3749 Menandri
398 3684 504 3749 loeum
527 3704 567 3748 ex
589 3683 713 3769 Hydria
746 3685 880 3749 adnotat
911 3683 1004 3748 Mein.
1037 3682 1122 3749 Gom.
1154 3682 1206 3749 IV.

203 3801 268 3866 208
282 3828 288 3864 :
328 3801 411 3866 Num
424 3823 427 3828 ·
441 3801 525 3867 forte
549 3800 766 3867 scribendum:

794 3920 818 3982 οἱ
843 3927 954 4002 Θρᾷκες
979 3920 1073 3996 Λιβύ-

336 4064 421 4120 τρωες
444 4045 618 4103 κοιλοῖιντοοι·
644 4041 746 4103 πάντων
769 4044 816 4102 νῦν
841 4038 891 4113 ἤδη
916 4039 967 4102 ’σθ’
990 4039 1070 4114 ὁμοῦ.

203 4159 328 4224 nomine
351 4157 518 4237 Λιβύτρωες
540 4158 579 4223 de
595 4157 727 4222 consilio
743 4156 826 4220 inter
841 4157 920 4222 duos
937 4177 1045 4221 versus
1062 4156 1205 4239 partito?

201 4277 263 4343 Sed
292 4277 394 4362 possis
426 4277 523 4341 etiam
554 4275 721 4355 Λιβάτρωες
749 4277 773 4340 οἱ
798 4281 909 4359 Θρᾷκες
933 4280 1091 4340 aaronem
1116 4273 1201 4340 κτὲ.”
