3154 5074
875 571 919 640 94

433 779 575 848 Alteram
586 779 741 866 glossam,
752 799 847 866 quam
862 777 997 846 serv'avit
1008 780 1104 846 etiam
1112 779 1260 855 photius,
1273 779 1399 846 Boetho
1414 829 1418 834 .

389 897 501 964 tribuit
524 897 676 964 Naboros.
700 895 745 964 01
771 897 892 982 Prolog.
915 919 966 982 pg.
983 898 1025 964 66
1042 897 1082 964 de
1101 897 1205 963 vorbis
1221 897 1295 976 ἕκτῳ
1310 898 1401 976 μέρει.

389 1015 481 1084 Ρ1ιο1.
504 1016 600 1090 ἐπειδὴ
624 1015 715 1094 ἕκτοι,
739 1017 825 1101 quod
850 1017 988 1083 correxit
1011 1016 1155 1084 Noberus
1175 1019 1236 1082 ἐπεὶ
1250 1017 1298 1082 ἐπὶ
1310 1016 1401 1098 ἕκτῳ,

390 1143 488 1222 atque
509 1136 557 1202 ito
579 1133 683 1204 Sohol.
706 1134 938 1220 corrigendum.

433 1255 538 1324 Soboh
561 1255 651 1344 Apoh
675 1254 761 1322 Soor.
787 1256 827 1320 19
852 1254 878 1320 Ε
902 1263 1046 1334 προῖκα·
1071 1254 1173 1341 [κατά]
1194 1251 1309 1335 δωρεάν,
1326 1253 1398 1318 άνειι

389 1375 502 1453 μισθοῦ.

433 1491 587 1560 Convenit
617 1489 703 1557 Suid.
735 1491 854 1558 omisso
886 1490 978 1556 κατά.
1011 1489 1051 1556 of.
1083 1488 1188 1556 Sohol.
1216 1489 1310 1574 Legg.
1335 1488 1403 1554 XI:

388 1611 447 1678 921
476 1610 522 1690 Α,
546 1609 632 1696 quod
654 1631 694 1676 ox
716 1607 877 1696 Hesychio
901 1609 1080 1676 desumtum
1105 1608 1195 1675 duco.

434 1727 538 1796 Sobel.
553 1727 672 1794 Phaed.
689 1729 732 1792 64
747 1727 774 1792 Β
790 1728 1056 1805 μελασείοντιι·
1074 1733 1257 1804 γελαστικῶι
1273 1727 1401 1806 ἔχοντα,

387 1847 517 1928 γελάσαι
541 1849 669 1912 θέλοντα.
785 1859 791 1868 ’

432 1965 583 2034 Eiusdem
606 1966 731 2050 generis
752 1965 892 2050 glossam
908 1965 1042 2050 legimus
1058 1964 1162 2032 Schol.
1178 1963 1274 2048 Gorg.
1291 1965 1358 2032 494
1375 1963 1402 2030 O

387 2091 601 2160 κνιρσιιῖνντα·
623 2084 832 2158 ἐπιθυμητικῶς
853 2065 962 2164 ἔχοντα
985 2089 1036 2148 τοῦ
1060 2084 1198 2158 κνάσθαι,
1221 2080 1250 2168 [ά
1259 2085 1321 2148 ἐστι
1334 2084 1403 2160 κνή-

388 2203 494 2268 θεσθαι.
527 2201 680 2268 Additum
703 2222 743 2267 ex
766 2199 948 2290 Hesychio.]
973 2201 1120 2285 Utroque
1136 2208 1300 2284 superest,
1317 2200 1400 2266 boec

389 2321 475 2406 opud
497 2319 665 2396 photium,
689 2319 746 2385 ills
769 2320 855 2403 apud
879 2319 1018 2386 Suidsm.
1053 2320 1104 2386 Ex
1125 2319 1250 2386 Boetho
1267 2317 1399 2390 fluxisse

388 2439 583 2524 persuadere
602 2439 706 2524 possit
723 2439 764 2524 gl.
777 2440 864 2522 apud
879 2439 1047 2524 Didymum
1061 2437 1193 2506 Milleri:
1209 2437 1400 2519 άρνυσθαι·

387 2555 556 2635 λαμβάνειν
580 2557 596 2632 ἢ
616 2558 957 2623 ἀντικαταλλάττεσθαι.
976 2557 1038 2622 ἐστὶ
1058 2557 1088 2622 δέ
1107 2581 1173 2622 τινα
1188 2556 1237 2624 καὶ
1253 2557 1335 2638 παρά
1347 2557 1401 2628 πῖιν

388 2674 636 2750 συνήθειαν-λέξει
660 2676 846 2752 διακειμένα,
871 2675 1127 2755 παρηλλαγμένως
1146 2679 1229 2753 παρά
1244 2675 1399 2758 Πλάτωνι,

387 2789 442 2860 οἷον
472 2794 505 2858 τὸ
536 2796 701 2872 yemalem
727 2793 775 2856 καὶ
799 2793 832 2856 τὸ
854 2794 1028 2868 κνηστείειν,
1051 2793 1116 2860 άντ1
1140 2800 1191 2858 τοῦ
1214 2801 1401 2872 γελαστικῶς

390 2913 471 2995 ἔχειν
503 2913 552 2978 καὶ
580 2917 746 2984 κνκστικῶι.
770 2913 799 2976 ἐν
824 2913 884 2990 γάρ
910 2914 951 2992 τῷ
977 2913 1041 2992 περὶ
1067 2919 1230 2993 ψυχῆς...
1255 2914 1402 2998 sequitur

389 3037 523 3114 uberque
548 3030 637 3096 loeus
660 3050 700 3095 ex
722 3028 893 3096 Phaedone
917 3040 950 3096 et
972 3051 1011 3094 ex
1034 3029 1171 3114 Gorgia,
1201 3031 1260 3097 sed
1283 3032 1400 3098 misero
1468 3090 1472 3096 .

389 3153 574 3232 corruptum
597 3152 738 3214 ceterum
760 3146 870 3213 Aelius
894 3147 1064 3232 Dionysius
1088 3147 1168 3213 tolio
1188 3149 1236 3214 ita
1260 3149 1401 3234 expliea-

387 3266 452 3334 bst.
465 3267 504 3333 of.
518 3267 608 3334 Phot.
620 3267 653 3331 in
666 3287 694 3331 v.
706 3269 916 3340 πολεμησείειν.
933 3265 1098 3350 Goslings,
1109 3264 1231 3333 observ.
1240 3268 1282 3332 od
1292 3266 1399 3336 Sohol.

387 3385 422 3450 in
444 3383 540 3451 Thuo.
564 3405 615 3468 pg.
637 3384 691 3449 43.
735 3385 898 3457 Κνκστεθειν
923 3391 972 3450 est
995 3383 1099 3449 forms
1120 3383 1341 3470 improbando

430 3500 505 3569 ibid.
530 3503 573 3568 99
597 3501 634 3566 Β.
654 3502 831 3581 καρδόπῳ·
854 3511 892 3582 τῇ
915 3501 1036 3584 μάκτρρι
1058 3507 1109 3567 τοῦ
1133 3501 1263 3584 άλεύρσν.

431 3619 520 3686 Idom
543 3619 634 3686 Phoe
656 3620 692 3684 in
714 3641 741 3684 v.
763 3619 934 3697 κάρδοπος
959 3619 999 3684 of.
1022 3619 1170 3706 Hosyoh,
1194 3619 1288 3688 hm'st.
1312 3620 1397 3689 Nub.

388 3740 453 3807 669
477 3759 547 3824 sqq.
575 3737 649 3822 ihiq.
674 3735 795 3815 Sohol.,
818 3737 898 3804 Ram
925 3738 1025 3804 1159:
1047 3747 1155 3820 χρῆσον
1178 3739 1215 3804 σὺ
1238 3739 1397 3822 μάκτραν,
1435 3787 1437 3792 ·

387 3859 412 3924 εἷ
435 3858 465 3923 δὲ
487 3857 605 3936 βούλει,
628 3856 777 3934 κάρδοπον.

431 3974 508 4042 ibid.
535 3976 594 4040 111
620 3975 646 4036 b]
670 3974 815 4053 αἰώραν·
840 3972 967 4059 ὄψοισιν,
988 3974 1118 4054 ἔπαρσιν.

433 4093 519 4160 Suid.
543 4094 662 4172 αἰώρα·
687 4093 820 4172 άνχθνκ,
846 4091 969 4174 idomas,
989 4095 1119 4175 ἔπαρσις.
1145 4095 1310 4164 Vocabulo
1330 4099 1399 4182 pri-

388 4234 458 4280 mus
481 4233 558 4278 usus
582 4219 632 4278 est
653 4210 755 4277 Plato.
