3150 5080
859 610 880 676 8

361 818 511 884 Eustathi
534 819 732 897 auctoribus,
756 817 886 902 Lipsiae
913 818 1013 894 1881,
1034 841 1087 904 pg.
1104 819 1170 884 344
1185 820 1265 886 haec
1281 821 1372 886 dicit:

365 938 525 1016 „Boethus
554 944 661 1004 autem
686 960 757 1004 cum
781 939 861 1005 alios
885 946 953 1004 tum
975 939 1148 1023 praecipue
1174 939 1376 1024 Pamphilum

343 1063 526 1123 auctorem
551 1065 680 1124 secutus
703 1063 766 1135 est3
790 1057 911 1141 passim
934 1057 1031 1123 etiam
1055 1057 1244 1142 Diogeniani
1264 1069 1374 1138 Περιερ-

363 1175 529 1254 γοιιένητιις
559 1177 718 1260 inspexit,
741 1176 825 1242 unde
849 1182 965 1259 quater
989 1177 1205 1260 Diogenianus
1230 1199 1249 1242 a
1273 1177 1375 1243 Schol.

363 1294 507 1360 Platonis
536 1295 707 1380 laudatur3
737 1294 819 1361 falso
843 1295 926 1362 enim
950 1295 1059 1360 Naber
1083 1297 1197 1362 statuit
1219 1297 1376 1362 Boethum

364 1412 554 1497 Diogeniani
573 1414 750 1479 mentiones
767 1413 885 1480 debere
903 1414 994 1480 Aelio
1009 1412 1193 1500 Dionysio.’'
1216 1413 1289 1480 Alia
1304 1435 1377 1499 pro-

364 1532 427 1598 fert
441 1531 621 1616 Boysenus,
638 1532 678 1598 de
694 1532 960 1618 Harpocrationis
972 1533 1065 1599 lexioi
1076 1533 1219 1599 fontibus
1232 1533 1375 1612 Quaesti-

365 1673 441 1718 ones
470 1653 625 1727 selectae,
660 1651 764 1718 Kiliae
794 1652 897 1736 1876,
921 1673 973 1736 pg.
998 1651 1148 1731 61-66,
1172 1674 1236 1718 000
1260 1653 1377 1736 Diony·

366 1773 446 1837 sium
479 1777 512 1836 et
541 1770 734 1837 Pausaniam
767 1771 965 1854 Diogeniano
997 1791 1073 1836 usos
1105 1791 1190 1848 esse,
1215 1770 1272 1836 sed
1294 1769 1378 1835 hunc

364 1890 445 1967 1111ος
476 1895 544 1954 tum
569 1889 747 1955 adsentitur
771 1888 946 1955 Schmidtio
970 1888 1118 1954 Photium
1141 1889 1247 1973 ipsum
1271 1888 1378 1972 inspe-

365 2010 451 2074 xisse
486 2008 676 2093 Diogeniani
710 2009 837 2074 lexicon
871 2015 968 2092 atque
998 2009 1074 2074 inde
1105 2008 1223 2074 habere
1254 2007 1377 2092 glossas

366 2128 609 2213 Diogenianeas.
633 2126 819 2192 Postremus
835 2128 977 2192 omnium
993 2126 1194 2193 Mettauerus
1210 2127 1250 2192 l.l.
1267 2147 1319 2210 pg.
1336 2126 1379 2191 80

367 2267 477 2314 omnes
507 2245 632 2330 glossas
664 2245 899 2330 Diogenianeas
923 2267 943 2310 a
968 2243 1151 2312 Scholiasta
1173 2245 1317 2311 Platonis
1340 2266 1379 2311 ex

367 2366 438 2449 ipso
459 2365 649 2448 Diogeniani
669 2384 766 2449 opere
783 2364 946 2429 desumtas
965 2384 1035 2429 esse
1047 2365 1213 2449 opinatur:
1229 2385 1270 2430 ne
1281 2363 1379 2429 ullam

368 2485 511 2567 quidem,
534 2484 653 2567 inquit,
677 2484 817 2568 glossam
840 2483 970 2548 invenio
994 2482 1028 2547 in
1052 2481 1186 2549 Scholiis
1210 2482 1379 2567 Diogenia-

367 2624 477 2681 neam,
500 2622 583 2687 quae
606 2603 701 2666 certis
726 2602 924 2686 argumentis
948 2601 1102 2684 probetur
1124 2621 1143 2667 e
1166 2600 1279 2667 Boethi
1303 2601 1380 2666 lexi-

369 2725 414 2789 cis
437 2723 604 2789 transiisse
627 2723 660 2786 in
686 2720 884 2787 Scholiorum
908 2720 1113 2804 farraginem.

414 2841 566 2906 Videmus
588 2841 694 2925 igitur,
720 2845 841 2924 quanta
865 2840 907 2906 sit
930 2839 1086 2909 dissensio
1104 2839 1143 2904 de
1161 2839 1282 2924 origine
1296 2840 1380 2924 glos-

370 2982 478 3026 sarum
509 2959 799 3044 Diogenianearum
827 2957 861 3022 in
885 2956 1021 3023 Scholiis
1044 2956 1219 3024 Platonicis
1241 2963 1273 3024 et
1296 2958 1381 3041 apud
1435 3009 1444 3039 ,

370 3079 526 3144 Photium.
568 3077 661 3142 Nunc
684 3076 763 3161 quid
785 3077 854 3160 1000
877 3076 1045 3159 explorare
1068 3077 1244 3160 potuerim,
1268 3075 1381 3140 dicam.

370 3195 573 3279 Comparatis
608 3195 755 3261 omnibus
789 3194 904 3279 glossis
939 3194 1051 3279 procul
1083 3193 1179 3259 dnbio
1207 3200 1293 3260 recte
1317 3200 1382 3259 sta-

370 3321 461 3379 tuere
492 3313 568 3377 mihi
598 3312 746 3378 ridentur
778 3311 971 3378 Schmidtius
1001 3318 1045 3377 et
1060 3311 1259 3376 Mettauerus
1284 3309 1383 3376 Scho-
1496 3301 1500 3314 ’

370 3432 498 3496 liastam
529 3432 634 3515 ipsum
664 3430 852 3515 Diogeniani
886 3431 951 3496 sive
978 3428 1127 3515 Hesychii
1159 3428 1260 3495 lexico
1289 3449 1382 3494 usum

352 3572 448 3631 ¹esse.

416 3669 544 3734 Nullam
567 3669 706 3754 glossam
729 3669 815 3750 novi,
839 3691 904 3754 qua
927 3669 1117 3735 luculentius
1133 3668 1195 3734 hoc
1211 3673 1382 3753 appareat,

372 3809 467 3872 quam
497 3809 551 3866 ea,
580 3808 663 3870 quae
693 3794 743 3854 est
767 3786 872 3853 Schol.
896 3787 963 3853 Ion.
987 3787 1053 3852 533
1077 3789 1122 3852 Dr
1147 3787 1330 3863 Διιγειιιιιὸς
1353 3785 1382 3848 δὲ

372 3917 530 3985 Metanira
549 3909 602 3984 μὲν
626 3912 743 3972 cteris
768 3909 849 3987 λέγει
873 3911 923 3983 τὴν
948 3907 1012 3987 ὄψιν
1035 3910 1125 3991 λίθον,
1149 3911 1186 3980 ὥς
1209 3907 1251 3983 sin
1268 3909 1382 3988 ἀργύρῳ

371 4029 514 4112 ipsulm,
534 4031 586 4104 rio
599 4029 628 4094 δὲ
640 4032 835 4108 Ἡριικλεῶτιι
847 4029 1026 4094 ἐπισπᾶσθαι
1038 4029 1086 4093 τὸν
1098 4029 1216 4108 relapso.
1233 4028 1382 4094 Glossam

372 4169 390 4213 e
409 4149 602 4232 Diogeniano
620 4147 750 4214 fluxisse
765 4170 824 4232 per
838 4147 995 4214 Boethum
1011 4154 1106 4233 putat
1120 4148 1280 4227 Naberus,
1293 4148 1383 4212 cuius

373 4267 625 4333 observationem
657 4248 792 4333 Photius'
818 4268 990 4336 servaverit
1012 4267 1045 4332 in
1069 4288 1144 4336 voce
1171 4267 1382 4347 Ἡριικλείιιι
