3154 5074
860 647 904 713 92

371 855 451 922 tatio
475 855 629 941 Leopoldi
651 857 758 934 0018,
776 859 1064 943 Untcrsuchuugen
1080 858 1161 924 iiber
1177 857 1228 924 dia
1245 857 1383 936 Quellen

371 973 429 1039 der
457 973 729 1054 Plato-Scholion,
761 975 908 1061 Leipzig,
945 975 1046 1056 1884,
1072 976 1161 1042 cuius
1186 974 1384 1042 sententiam

371 1093 411 1159 de
426 1093 539 1178 glossis
555 1093 616 1160 hoc
631 1095 738 1180 capite
755 1115 841 1161 ame
857 1095 1003 1162 tractatis
1021 1094 1186 1162 subiciam.
1210 1095 1237 1160 Ε
1253 1094 1380 1161 Boetho

371 1211 534 1278 desumtas
557 1234 627 1280 0880
650 1214 815 1280 contendit
837 1214 877 1299 gl.
900 1213 990 1294 ἅδην,
1012 1213 1214 1295 λυγιζόμενος,
1233 1213 1381 1294 μινυιίζω,

370 1327 534 1411 τευτᾶζειν,
554 1330 706 1413 τοπάζειν,
725 1332 836 1410 ὑμνεῖν,
849 1337 980 1415 Φαῦλαι,
995 1337 1137 1410 φιτῦσαι,
1150 1329 1272 1410 ἄτοπον,
1288 1333 1383 1412 ἔγχυ-

370 1449 528 1529 solmiac,
550 1449 675 1528 βλᾶκα,
700 1448 839 1517 fortasse
861 1444 883 1515 ιῖ
906 1458 939 1516 01
954 1451 1097 1534 πεττεία,
1115 1458 1226 1516 contra
1241 1469 1258 1513 e
1274 1449 1383 1514 lexico

372 1567 512 1652 quodam
542 1567 701 1635 rhetorico
728 1567 859 1634 fluxisse
884 1569 971 1647 ὁμοῦ,
993 1565 1089 1643 ἄττα,
1114 1570 1200 1650 τέως,
1225 1567 1382 1648 ἔμβραχυ.

371 1686 476 1771 Atque
505 1692 541 1751 ut
571 1708 683 1753 verum
708 1687 829 1773 fatear,
854 1687 924 1772 ipse
948 1708 1075 1772 quoque
1099 1689 1138 1752 de
1169 1687 1218 1752 his
1241 1695 1384 1771 quatuor

371 1804 484 1890 glossis
512 1805 710 1889 aliquamdiu
743 1805 904 1884 dubitavi,
938 1807 992 1872 sed
1017 1807 1148 1872 tandem
1171 1796 1324 1873 (lebetum
1350 1811 1385 1870 et

371 1921 533 1990 Naberum
556 1925 679 1991 Boetho
703 1926 880 1992 tribuentes
904 1932 1032 1992 secutus
1056 1947 1143 2001 sum,
1168 1945 1272 2009 neque
1297 1945 1384 1990 nuuc

371 2043 521 2127 poenitet.
556 2043 688 2110 Glossas
716 2040 736 2109 ὦ
763 2049 837 2123 cciv,
866 2045 1040 2126 χαραδριός,
1072 2046 1233 2122 colmie.
1257 2044 1384 2109 παιδικά

371 2165 464 2244 putat
487 2158 576 2227 Gohn
599 2161 693 2240 λέξεις
716 2163 847 2240 κωμικὰς
871 2185 953 2239 0880,
979 2185 1061 2247 quae
1084 2183 1147 2228 uon
1172 2183 1189 2227 0
1208 2161 1331 2228 Boetho
1347 2163 1382 2226 in

371 2282 497 2343 nostros
528 2277 634 2346 108108
666 2280 868 2360 transierint;
900 2280 979 2346 illud
1008 2302 1071 2346 uon
1095 2280 1295 2365 negaverim,
1319 2279 1383 2345 hoc

371 2399 477 2461 autem
492 2397 584 2464 nohis
601 2419 665 2463 nou
682 2399 849 2483 persuasit
875 2399 968 2484 (Vide
985 2421 1084 2483 supra
1099 2422 1150 2484 pg.
1166 2400 1225 2475 66,
1243 2399 1284 2464 67
1287 2401 1309 2482 ).
1335 2399 1383 2464 De

371 2515 484 2581 ueteris
509 2515 554 2582 sic
582 2517 711 2583 statuit:
741 2517 782 2601 gl.
809 2517 968 2597 Uatiuescae
994 2515 1078 2600 01888,
1098 2527 1207 2599 Καρικῇ
1225 2520 1330 2598 Μούσῃ
1350 2523 1384 2583 01

372 2633 567 2712 apotolica
587 2636 721 2720 antiqua
743 2635 871 2702 Scholia
890 2657 975 2715 0880,
997 2638 1030 2702 18
1043 2636 1190 2702 Photium
1204 2642 1262 2702 oet.
1275 2636 1382 2713 illata,

373 2755 459 2837 quod
481 2754 609 2821 minime
633 2754 751 2840 probo;
776 2756 816 2840 gl.
841 2755 950 2821 σκόλια
973 2755 1182 2834 Pausaniam,
1204 2755 1244 2840 gl.
1266 2755 1381 2837 ιὶκκίζε·

370 2877 434 2941 σθαι
465 2873 662 2940 Tarrhaeum
693 2883 856 2941 auctorem
887 2897 976 2953 0880,
1005 2875 1045 2960 gl.
1069 2870 1098 2940 oi
1117 2875 1234 2959 (Schol.
1258 2874 1381 2941 Phileb.

372 2994 415 3060 60
445 2992 485 3075 D)
518 3013 582 3058 808
612 3015 681 3060 0880
704 2993 837 3074 Boethi,
862 2995 911 3058 cui
935 3001 1043 3059 tamen
1067 2993 1107 3077 gl.
1130 2989 1158 3057 oi
1179 2994 1263 3077 apud
1287 2993 1380 3058 Phot.

371 3110 499 3189 tribuit;
522 3109 574 3175 hic
598 3131 723 3194 quoque
748 3111 895 3176 dubitare
919 3112 1035 3196 possis.
1060 3111 1178 3183 Verum
1194 3109 1288 3176 facile
1304 3131 1381 3177 008-

370 3228 510 3294 cedimus
534 3226 673 3307 Oohui0‚
697 3230 752 3312 qui
777 3236 809 3295 et
831 3230 901 3314 ipse
924 3230 1115 3296 sententiam
1138 3251 1227 3295 suam
1244 3231 1380 3295 mutavit

371 3349 455 3426 (vide
487 3347 525 3414 de
548 3348 710 3433 Aristoph.
733 3348 807 3433 Byz.
826 3356 864 3414 et
888 3349 974 3416 Suet.
1000 3349 1119 3432 Tranq.
1143 3350 1232 3415 Eust.
1258 3353 1380 3414 auctor.

370 3487 422 3550 pg.
446 3466 527 3545 360,
552 3468 645 3550 361),
669 3466 772 3532 Schol.
797 3466 926 3532 Theaet.
955 3466 1157 3548 1461118881
1181 3467 1228 3530 δια
1248 3469 1379 3547 σφαίρας

371 3584 473 3668 παιδιᾷ
495 3589 527 3650 01
551 3583 652 3650 Schol.
678 3584 783 3670 Lysid.
808 3585 916 3650 206ss
939 3584 1170 3666 ιὶστραγαλΙζειν
1195 3607 1212 3650 0
1237 3584 1380 3651 Suetonii

239 3731 251 3752 ·
369 3701 451 3768 libro
467 3703 529 3783 περὶ
547 3702 712 3768 00001018
728 3701 856 3768 Scholia
872 3704 1071 3788 pervenisse,
1090 3710 1258 3788 praeterea
1272 3705 1312 3789 gl.
1328 3705 1378 3768 ἐπὶ

251 3851 256 3857 ·
371 3819 466 3903 κόρρης
500 3827 533 3887 01
565 3822 743 3902 κερασβόλα
783 3824 869 3906 apud
909 3823 1078 3908 Didymum
1119 3823 1233 3890 Milleri
1260 3826 1380 3908 (supra

371 3920 420 4024 og.
445 3939 505 4018 56,
522 3942 578 4022 91)
593 3940 775 4006 Ρ101081008
792 3961 862 4006 0880
878 3940 1003 4007 Boethi.
1026 3979 1062 3989 -—
1085 3941 1192 4007 Etiam
1208 3942 1247 4006 de
1264 3941 1379 4007 ceteris

370 4058 484 4144 glossis
515 4058 712 4124 Scholiorum
742 4058 856 4125 Gohnii
889 4060 1047 4126 sententia
1078 4059 1175 4145 digua
1205 4067 1272 4140 081,
1295 4081 1381 4144 8800

371 4183 597 4262 cognoscatur3
620 4178 728 4262 itaque
751 4178 784 4242 18
808 4176 871 4244 fine
898 4179 1013 4262 capitis
1037 4180 1215 4262 sequentis,
1240 4180 1296 4263 qui
1319 4181 1382 4246 erit

370 4296 466 4362 huius
489 4296 762 4363 commentationis
786 4297 931 4377 ultimus,
952 4297 1028 4380 quid
1045 4297 1074 4362 ei
1088 4297 1248 4377 videatur,
1263 4296 1380 4364 dicam
