3150 5080
665 626 707 690 31

181 833 296 902 Suidas
330 833 429 901 habet
463 855 503 900 es
537 856 595 920 per
629 833 818 919 Dionysium
849 833 912 919 (vel
942 833 1192 922 Pausaniam)e

179 954 377 1038 Diogeniano
400 952 434 1017 in
456 952 624 1030 Photium,
647 936 722 1018 inde
744 953 777 1017 in
800 952 931 1018 Suidam
948 954 1144 1037 perveniss03
1159 955 1194 1019 in

181 1095 218 1138 eo
250 1074 348 1139 etiam
383 1071 534 1139 differunt
568 1073 694 1158 glossae
729 1071 928 1138 Scholiastae
964 1071 1021 1162 (=
1047 1073 1135 1158 Hes.)
1163 1079 1195 1140 et

181 1189 315 1266 Suidae,
351 1193 437 1275 quod
472 1183 570 1277 apud·
594 1191 679 1256 hunc
712 1198 777 1256 ests
808 1201 844 1272 τῇ
876 1192 983 1274 δεκοὶτρ
1013 1192 1043 1256 δὲ
1066 1193 1193 1269 τοῦνοριοι

180 1313 316 1377 τίθενται.
355 1312 404 1378 Of.
439 1311 632 1397 Harpocrat.
672 1335 698 1378 v.
727 1312 970 1392 ἑβδσμενοριένον,
994 1311 1192 1391 Sublimem,

181 1430 305 1498 Griech.
329 1431 463 1497 Alterth.
487 1431 520 1496 11
542 1454 593 1516 pg.
617 1431 692 1496 563.
717 1431 744 1496 A
778 1431 929 1516 Dionysio
954 1436 993 1514 (s.
1016 1432 1193 1518 Pausania)

181 1548 286 1614 locum
311 1555 454 1616 nostrum
476 1570 494 1615 e
514 1549 648 1616 Platone
671 1550 816 1615 additum
830 1550 930 1616 fuisse
946 1552 1045 1618 oredo
1061 1524 1195 1637 uropter

181 1665 358 1753 Elymolog.
386 1668 428 1734 M.
450 1691 478 1734 v.
501 1667 704 1751 οὶριφιδρόρινοι·
810 1671 845 1734 τὸ
869 1669 892 1733 δ’
914 1669 987 1735 οιῦτὸ
1011 1677 1119 1736 πονοῦσι
1143 1671 1194 1736 κοιδ

180 1787 262 1863 μετὰ
292 1796 396 1862 σκευῆς
428 1787 469 1851 τοι
498 1787 597 1866 βρέφη
628 1788 692 1867 περὶ
725 1790 778 1862 τὴν
805 1788 905 1853 ἓστίοιν
928 1788 1127 1869 περιφέροντες
1142 1837 1150 1854 .
1167 1839 1195 1855 ..

180 1905 330 1982 μέροννρτοιν
366 1905 493 1970 Πλοίτων
525 1907 553 1970 ἐν
586 1907 756 1985 Θεοιιτήτῳ·
792 1913 887 1971 Τοῦτο
921 1907 975 1982 μὲν
1004 1907 1037 1980 δὴ
1067 1909 1129 1973 ari.
1154 1907 1194 1974 ef.

181 2022 258 2089 Lex.
280 2024 360 2090 rhet.
384 2023 484 2090 Bekk.
508 2026 584 2102 207,
612 2026 661 2090 13.
701 2025 892 2110 Harpocrat.
916 2048 944 2093 ν.
968 2027 1163 2109 santelinus.

228 2142 332 2209 Schol.
348 2142 492 2228 Sympos.
509 2145 610 2210 1911)
628 2145 754 2225 ἰχθύδιον
766 2170 793 2209 τι
805 2151 861 2210 τῶν
874 2148 1009 2212 σλοτὲον
1023 2151 1039 2224 ἡ
1055 2153 1192 2226 ψῆττοι,

165 2263 215 2352 ,ἐκ
234 2262 281 2326 δύο
299 2261 447 2343 δερριοὶτιον
463 2266 633 2335 nosnatura
650 2267 703 2340 τὴν
715 2264 792 2330 Ξδὲοιν
803 2265 916 2342 δοκοῦν,
929 2265 946 2330 ὅ
954 2290 1028 2338 τινες
1041 2266 1194 2332 σοινδοέλνον

181 2380 328 2456 λέγουσιν,
355 2383 378 2445 οἱ
396 2382 424 2446 δὲ
443 2383 650 2458 βούγλωσσον·
667 2390 763 2454 κοινῶς
776 2384 806 2451 δέ
814 2405 822 2420 ·
834 2381 927 2448 ἄλλοι
938 2384 998 2466 γάρ
1010 2386 1070 2450 ἐστι
1082 2391 1194 2451 τοῦτο.

230 2499 419 2583 Diogeniani
453 2501 574 2585 glossa,
605 2522 704 2586 qnam
736 2503 840 2568 minus
870 2503 1029 2588 integram
1060 2505 1196 2571 servavit

182 2617 370 2702 Hesychius.
394 2618 433 2683 of.
458 2618 573 2685 Suidae
596 2619 631 2684 in
653 2641 737 2686 vose.

229 2736 333 2802 Schol.
357 2738 517 2804 Anterssl.
543 2738 608 2804 135
628 2739 656 2804 E
677 2740 869 2805 τέντοιθλοι
898 2742 923 2805 οἱ
947 2739 996 2805 τὸν
1019 2743 1124 2817 οὶγῶνοι
1146 2741 1196 2806 τὸν

182 2855 342 2920 πένταθλον
364 2855 577 2937 ἀγωνιζόμενοι.
603 2856 665 2923 ἔστι
692 2860 752 2936 γὰρ

316 2973 475 3046 τέντοοδλος
498 2972 579 3048 οὗτος
602 2983 662 3048 τοῖς
687 2977 754 3048 νέοις
779 2978 894 3062 οὶγοννίοι

317 3094 419 3183 τοέλν,
443 3094 591 3172 οίννννος,
616 3091 720 3172 οἵλριοι,
744 3095 837 3167 δίσκος
860 3095 910 3160 sai
934 3096 1044 3176 δρόμος.

182 3215 311 3288 σίννννος
336 3211 365 3276 δι’
389 3213 450 3276 ἐστι
473 3198 576 3287 ξνστόν
599 3211 677 3290 δόρυ·
698 3217 767 3292 παρ’
786 3213 923 3294 Ἡροδότῳ
944 3214 1022 3279 δὲτὸ
1040 3215 1196 3297 ὁλοσίδηρον

181 3330 319 3395 ἀκόντιον.
351 3330 446 3404 τέλτν
477 3330 506 3395 δὲ
529 3331 621 3403 οξστὶς
645 3329 707 3396 irus
730 3333 780 3396 οὖν
803 3332 916 3412 ἔχονσοι
940 3333 969 3418 [ἢ
994 3335 1193 3414 τετράγωνος,

182 3423 215 3523 ἣν
238 3450 261 3513 οἱ
285 3455 437 3542 φοροῦντες
460 3448 598 3526 λέγοντων
623 3452 811 3534 τελτοιστσιί,
841 3451 857 3527 ἢ
882 3450 1017 3539 τοξόται,
1042 3452 1059 3528 ἢ
1083 3454 1107 3517 οἷ
1130 3453 1196 3525 τοὺς

183 3565 305 3643 ξνστοὺς
329 3567 528 3652 κατέχοντες]

229 3685 324 3770 Apud
347 3685 513 3752 Platonem
537 3686 670 3770 legitur:
703 3687 792 3760 δοκοῖς
817 3687 876 3768 νοέρ
899 3712 947 3766 μοι
971 3689 1069 3767 λέγειν
1091 3685 1145 3755 οἷον
1168 3693 1196 3755 ἕν

184 3815 220 3886 τῇ
251 3805 366 3889 ἀγωνίᾳ
389 3805 458 3870 εἰσὶν
481 3807 506 3870 οἱ
530 3806 683 3870 τέντοιδλοι
708 3807 775 3887 πρὸς
799 3808 865 3880 τοὺς
890 3810 1074 3879 τοιλοιιστοὶς.
1114 3808 1197 3888 Quid

186 3922 389 3989 Scholiasta?
421 3924 601 4008 Adseripsit
625 3925 666 3989 ad
691 3925 775 3990 huno
798 3925 902 3991 locum
926 3932 1035 3992 notum
1058 3929 1196 3995 version·

183 4042 268 4122 lum,
305 4043 357 4107 oui
387 4043 669 4126 interpretationes
701 4043 825 4109 addidit
854 4065 894 4109 ex
926 4045 1121 4130 Diogeniano
1154 4051 1195 4131 (s.

184 4160 346 4245 Hesyeh.).
392 4160 473 4238 Quid
504 4161 588 4226 enim
619 4161 749 4245 σίρννοι,
781 4163 858 4245 quid
885 4165 979 4239 τέλτιρ
1004 4165 1061 4243 sit,
1083 4166 1196 4231 iisdem

183 4279 291 4344 verbis
326 4265 413 4363 apud
446 4278 583 4365 Hesyeh.
620 4281 813 4365 explicatum
848 4281 1007 4364 videmus,
1042 4283 1196 4350 Herodoti
