3150 5080
680 613 721 678 37

194 839 377 898 occurrere,
400 840 497 904 quam
521 819 685 904 Boysenus
709 840 726 884 e
751 819 903 906 Dionysio
927 820 1107 888 desumtam
1130 841 1201 888 esse

194 943 318 1015 censet3
351 938 391 1002 de
417 939 522 1022 prima
549 938 657 1021 glossa
679 937 758 1003 nihil
782 937 978 1004 affirmatum
999 939 1142 1019 invenio,
1165 940 1205 1006 de

195 1057 337 1122 secunda
364 1057 534 1141 adipeam
557 1057 728 1124 adnotabo.
774 1057 866 1124 Unde
890 1065 997 1124 autem
1022 1057 1204 1124 Scholiasta

194 1177 371 1262 acceperit,
402 1176 441 1242 de
472 1197 511 1242 ea
541 1198 576 1241 re
604 1177 713 1262 paullo
745 1177 857 1242 melius
888 1175 1025 1243 fortasse
1056 1177 1202 1243 indicare

193 1296 317 1383 licebit,
350 1296 378 1362 si
406 1295 496 1380 ipsas
526 1295 649 1379 glossas
682 1296 864 1361 accuratius
889 1296 1204 1363 consideraverimus.

240 1412 344 1480 Schol.
360 1413 455 1497 [regg.
472 1411 535 1479 XI:
545 1414 611 1478 920
628 1413 655 1476 D
675 1413 861 1488 διαιτηταί
880 1414 949 1478 εἰσιν
965 1415 993 1478 ἐν
1004 1408 1044 1485 οίς
1057 1411 1207 1489 'Adimam

194 1534 341 1611 εἰσήγοντο
373 1533 403 1596 τά
432 1531 571 1597 ίδιωτικοά
597 1531 690 1596 δίκαι·
715 1534 740 1596 εἰ
764 1533 794 1596 δέ
816 1557 890 1602 τινες
914 1535 957 1607 μδ
980 1534 1121 1598 ἐπείθοντο
1145 1539 1206 1606 τοῖς

195 1651 391 1728 διαιτηίεῑσιν,
421 1650 502 1715 αὐτοὶ
533 1623 650 1726 είσῆγον
681 1649 786 1720 αὐτοὺς
817 1651 857 1721 εἰς
888 1650 921 1714 τί
954 1652 1131 1731 δικαστήριον
1156 1652 1206 1716 καί

195 1770 277 1849 παρά
299 1770 364 1839 τοὺς
388 1767 538 1838 δικαστάς.
559 1769 685 1844 ἐγίνοντο
709 1769 737 1833 δὲ
760 1769 905 1842 διαιτηταί
922 1767 1032 1840 πάντες
1045 1769 1206 1848 'alavandon

195 1882 235 1959 οἷς
264 1885 415 1963 ἑξηκοστὸν
439 1883 470 1962 ἦν
493 1887 565 1957 ἔτος.
590 1886 638 1951 τδν
661 1887 689 1951 δὲ
712 1887 866 1952 ἀδικοῦντα
890 1887 1037 1962 διαιτητὴν
1060 1886 1127 1962 ἐξῆν
1151 1887 1206 1951 είσ-

195 2007 375 2084 αγγὲλλειν·
400 2004 448 2069 καί
473 2004 501 2069 εί
520 2027 563 2076 τις
586 2005 681 2080 ἑάλω,
708 2005 816 2082 ἀτιμία
839 2002 871 2081 ἦν
894 2006 927 2069 τὸ
950 2005 1101 2078 ἐπιτίμιον.

241 2123 302 2189 Pro
325 2125 354 2188 ἕν
377 2118 415 2194 οἷς
440 2123 510 2208 lege
533 2124 573 2196 εἰς
595 2122 653 2194 οὕς.
700 2123 794 2208 Apud
819 2122 949 2189 Suidam
972 2124 1080 2208 glossa
1103 2125 1203 2192 deest.

240 2241 343 2307 Schol.
367 2241 443 2325 Rep.
469 2240 693 2308 V11125650
724 2242 949 2319 εἰσαγγελία
980 2241 1042 2306 ἐστί
1066 2242 1164 2322 κυρίως
1189 2244 1206 2318 η

197 2361 261 2442 περί
293 2367 394 2426 καινῶν
424 2362 472 2426 καί
497 2362 637 2439 δημοσίων
660 2361 848 2438 ἀδικημάτων
871 2361 1046 2439 είσαγομένη
1067 2361 1128 2436 δίκη
1153 2361 1208 2426 aad

195 2487 252 2545 τῶν
283 2479 466 2561 πρυτάνεων,
498 2480 561 2561 περ)
592 2477 629 2545 ῶν
661 2481 805 2562 διαρρήδην
836 2479 889 2555 μὲν
919 2481 995 2546 οὐδὲν
1028 2482 1161 2558 λέγουσιν
1183 2482 1207 2546 οἱ
1318 2501 1320 2508 ·

197 2599 294 2683 κάμοι,
328 2606 513 2680 συγχωροῦσι
546 2599 576 2663 δὲ
611 2600 714 2678 κρίσεις
748 2600 913 2676 γίγνεσθαι.
944 2599 992 2662 καί
1020 2603 1099 2664 τοῦτ’
1130 2599 1207 2662 ἐστίν

197 2712 251 2780 οἷον
279 2717 313 2781 τὸ
343 2717 372 2780 ἐν
403 2724 470 2789 ταῖς
502 2723 557 2780 τῶν
588 2721 733 2797 σοφιστῶν
764 2716 927 2796 διατριβαῖς
951 2717 1152 2792 μελετώμενον
1175 2717 1208 2781 τὸ

197 2842 252 2900 τῶν
275 2836 421 2918 ἀγράφων
442 2836 639 2912 ἀδικημάτων.

242 2953 319 3032 Quis
330 2955 376 3019 ita
391 2954 565 3039 disputarit
580 2955 619 3020 de
634 2975 709 3021 voce
725 2955 905 3030 εἰσαγγελία
921 2954 1071 3030 docemur
1087 2952 1204 3020 Lexico

198 3073 356 3139 rhetorico
391 3073 647 3157 Oantabrigiensi
681 3073 855 3156 (recensuit
888 3071 924 3138 Ε.
959 3069 995 3139 0.
1031 3072 1208 3152 Houtsma‚

197 3191 297 3275 Lugd.
321 3191 390 3256 Bat.
418 3191 536 3277 1870),
559 3191 613 3256 ubi
636 3192 670 3255 in
694 3213 720 3255 v,
744 3190 1056 3268 samnarcham:
1087 3191 1207 3267 είσαγ-

198 3313 323 3388 γελίοι,
355 3312 436 3376 κατά
466 3317 568 3376 κοινῶν
593 3311 642 3376 καί
665 3310 812 3392 ἀγράφων
836 3308 1032 3385 ἀδικημάτων.
1056 3306 1131 3384 αὕτη
1148 3310 1210 3387 Ιμὲν

170 3428 245 3496 ὀὖν
280 3433 296 3506 ἡ
330 3432 479 3495 Καικιλίου
509 3427 579 3506 δόξα
705 3429 851 3500 Καικίλιος
885 3428 915 3492 δὲ
950 3425 1037 3499 οὕτως
1069 3429 1208 3506 ῶρίσοοτο·

199 3550 380 3626 εἰσαγγελία
402 3547 480 3613 ἐστίν
503 3544 517 3610 ὃ
541 3549 603 3629 περὶ
627 3551 729 3611 καινῶν
754 3546 942 3622 ἀδικημάτων
965 3545 1119 3609 δεδοίκασιν
1137 3545 1209 3608 ἀσε-

200 3676 312 3748 νεγκεῖν
346 3670 370 3734 οί
406 3670 492 3746 νόμοι.
528 3667 590 3731 ἔστι
626 3666 654 3729 δὲ
686 3665 720 3730 τὸ
753 3664 953 3743 μελετώμενον
989 3664 1017 3727 ἐν
1054 3670 1120 3734 ταῖς
1155 3669 1210 3727 τῶν

200 3796 345 3868 σοφιστῶν
368 3789 542 3867 διατριβαῖς.
574 3786 633 3851 Est
650 3786 747 3870 igitur
762 3783 871 3869 glossa
886 3781 1018 3850 Caecilii
1032 3781 1208 3861 Galacum,

201 3929 283 3994 quae
319 3907 404 3991 apud
439 3904 619 3970 Bekkerum
646 3903 680 3967 in
706 3903 789 3968 serie
815 3902 934 3985 legitur
960 3901 1001 3966 ad
1028 3900 1211 3966 litterarum

201 4027 344 4094 ordinem
370 4024 576 4098 decurrente,
600 4041 696 4104 quam
720 4020 834 4086 seriem
860 4019 1026 4103 Boysenus
1041 4017 1083 4083 ll
1099 4038 1149 4102 pg.
1166 4016 1210 4081 56

202 4145 381 4212 Pausaniae
403 4143 532 4209 tribuit:
555 4142 664 4224 itaque
685 4140 747 4205 hac
763 4139 830 4218 via,
846 4138 865 4202 i.
883 4158 908 4202 e.
924 4156 984 4221 per
998 4134 1212 4211 Pausaniam,

202 4265 237 4332 in
261 4263 389 4332 Scholia
411 4262 578 4329 Platonica
601 4259 689 4326 etin
712 4258 845 4326 Suidam
867 4253 1032 4342 pervenire
1055 4253 1169 4338 potuit
