3154 5074
843 589 907 655 118

410 796 533 864 Locum
557 797 603 864 sie
624 797 713 884 Iege:

767 919 896 985 Amicus
920 917 1039 997 duleis,
1065 927 1101 984 ut
1125 923 1313 1002 aequumst,

307 1123 312 1136 “
410 1033 489 1100 Cum
522 1055 593 1101 mee
622 1045 797 1121 conpenset
822 1037 905 1102 vitiis
929 1036 1030 1115 bona,
1054 1038 1200 1120 pluribus
1225 1037 1334 1111 hisee,

411 1151 444 1218 Si
468 1153 561 1220 modo
584 1155 679 1240 plura
702 1157 778 1221 mihi
801 1154 888 1222 bona
913 1163 1003 1234 suut,
1027 1155 1168 1221 inclinet.
1215 1156 1339 1220 Amare

412 1271 445 1338 Si
468 1274 550 1339 volet
571 1277 633 1342 hac
656 1275 742 1360 lege,
766 1277 798 1340 in
822 1277 945 1342 trutina
968 1252 1107 1360 donetur
1132 1275 1254 1341 eadem.

826 1481 911 1545 XIII.

410 1653 457 1720 Id.
482 1653 547 1721 Sat.
572 1654 595 1720 1.
619 1657 640 1721 9
662 1677 707 1722 vs.
733 1657 774 1720 14
798 1676 886 1740 seqq.

791 1776 905 1841 misere
928 1776 1035 1861 cupis,
1058 1776 1180 1861 iuquit,
1204 1777 1309 1856 abire,

411 1890 479 1957 Iem
504 1891 622 1958 dudum
645 1892 755 1972 rideo,
779 1892 834 1958 sed
858 1893 903 1958 nil
926 1894 1012 1978 agis,
1036 1915 1139 1980 usque
1163 1894 1298 1978 tenebo,

411 2009 592 2095 Prosequar
614 2011 688 2078 hinc
711 2029 774 2096 quo
799 2034 883 2078 nune
905 2014 966 2078 iter
988 2014 1127 2080 esttibi.

413 2130 565 2216 Imprebo
596 2130 690 2198 huius
714 2133 777 2198 loci
800 2133 1116 2218 interpretationem,
1139 2152 1237 2215 quam
1261 2153 1385 2216 propo-

369 2250 433 2316 suit
463 2251 497 2316 Ε
530 2249 652 2318 Goebel
681 2251 783 2336 (Neue
806 2251 1011 2318 Jahrbiiohsr
1035 2251 1087 2316 fiir
1110 2251 1287 2335 Philelugie
1310 2251 1382 2314 und

369 2369 587 2455 Paedagogik,
621 2370 724 2450 1872,
756 2371 865 2436 Erstes
896 2370 973 2436 Heft
1004 2393 1054 2456 pg.
1080 2371 1192 2455 63,14)2
1228 2371 1277 2434 Du
1302 2369 1381 2434 hast

368 2489 583 2555 sohreckliohe
613 2489 700 2568 Eile,
731 2489 810 2555 aber
832 2510 885 2553 um
911 2488 1133 2554 meinetwiIIen
1157 2487 1312 2554 brauchst
1334 2490 1382 2553 du

369 2607 418 2672 dir
449 2607 564 2672 keinen
596 2607 712 2691 Zwang
735 2607 914 2671 anzuthun:
938 2608 991 2673 ich
1013 2607 1117 2696 werde
1142 2608 1243 2672 schon
1265 2608 1383 2672 immer

369 2734 594 2791 voransteuern
618 2724 684 2790 und
705 2725 809 2790 werde
835 2725 960 2789 diruas
977 2723 1081 2790 Geleit
1095 2724 1198 2808 geben
1214 2723 1264 2789 bis
1281 2724 1379 2790 dahiu

368 2845 471 2911 wohin
494 2845 538 2908 du
557 2845 636 2928 jetzt
658 2865 718 2910 von
741 2843 811 2908 hier
835 2864 874 2907 zu
895 2843 1000 2927 gehen
1023 2841 1122 2908 hast''
1157 2842 1278 2907 Locum
1303 2865 1376 2908 cum

369 2963 440 3028 aliis
465 2963 509 3028 sic
532 2963 618 3048 lego:

754 3051 868 3117 misere
893 3051 1000 3136 cupis,
1024 3052 1145 3135 inquit,
1169 3051 1276 3130 abire,

412 3170 601 3236 Iamdudum
623 3171 730 3248 videm
755 3170 811 3236 sed
835 3170 881 3235 nil
905 3169 989 3254 agis:
1014 3190 1116 3252 usqua
1140 3168 1274 3248 teueb0;

414 3287 602 3373 Prosequar.
637 3288 720 3353 Hinc
743 3309 806 3372 quo
831 3310 915 3353 nune
939 3289 999 3354 iter
1024 3293 1073 3353 est
1096 3288 1178 3354 tibi?

830 3495 915 3559 XIV.

413 3671 571 3738 Iuvenalis
588 3671 653 3738 Sat.
670 3671 717 3736 III
734 3692 842 3737 versus
859 3671 1035 3736 249-253
1052 3672 1181 3755 spurios
1199 3691 1268 3738 esse
1286 3672 1380 3738 duco.

843 3862 909 3928 XV.

415 4013 462 4079 Id.
487 4011 552 4077 sat.
576 4011 639 4077 XII
661 4035 704 4078 vs.
729 4011 847 4096 9718ε1
1188 4083 1193 4092 ¹

1145 4103 1293 4168 coturnix

461 4223 549 4292 nulla
572 4243 712 4311 unquam
735 4244 795 4312 pro
818 4231 910 4310 patre
935 4221 1036 4291 cadet.
