3150 5080
691 661 735 750 4'5

209 892 311 959 Schol.
353 881 435 979 Epp.
470 892 578 960 XIII:
608 894 673 958 363
699 896 723 956 A
752 893 878 973 ὦμαργίς
900 893 933 975 ¹).
982 894 1077 960 Haud
1101 901 1219 960 temera

211 1034 338 1098 quoque
374 1035 429 1079 sex
463 1012 640 1097 glossarum
676 1011 769 1095 (ἄρτι,
805 1011 889 1094 δόξα,
921 1013 1035 1096 πέλας,
1067 1014 1220 1079 Ἀπόλλων

209 1133 363 1213 πατρῷος,
404 1132 628 1212 νευρορράφους,
670 1129 851 1216 ἐξηγητής),
894 1153 976 1216 quae
1014 1132 1047 1197 iu
1086 1131 1221 1199 Scholiis

210 1260 245 1316 et
276 1249 308 1315 in
341 1249 456 1317 Lexico
485 1250 644 1316 rhetorico
667 1247 805 1316 Beklreri
829 1250 947 1315 similes
970 1249 1132 1334 leguntur,
1156 1271 1221 1314 una

211 1376 307 1455 atque
339 1369 442 1436 altera
464 1370 502 1434 ‘oi
534 1369 631 1434 tribui
664 1368 775 1452 possit.
829 1369 1019 1454 Diogeniaui
1047 1375 1133 1434 certe
1158 1391 1221 1436 non

210 1494 303 1572 suut,
339 1488 415 1572 quia
449 1485 627 1572 Hesychius
666 1484 794 1564 differt3
833 1507 936 1570 neque
973 1486 1117 1572 Dionysii
1151 1507 1221 1552 esse

214 1607 373 1684 videntur,
408 1607 528 1690 quippe
560 1627 623 1671 non
654 1605 686 1669 in
719 1605 799 1670 serie
830 1613 1052 1690 occurrentes,
1083 1626 1221 1690 quame

212 1725 363 1809 Dionysio
395 1724 527 1807 petitam
552 1743 622 1788 esse
647 1722 811 1788 contendit
832 1723 1007 1807 Boysenus.
1045 1722 1104 1790 (lui
1127 1724 1223 1809 igitur
1277 1783 1282 1794 ,

210 1839 409 1924 probabilius
441 1841 611 1906 reddemus
643 1861 739 1924 quam
772 1839 974 1906 Pausaniae?
1009 1841 1081 1906 Non
1114 1848 1221 1909 autem

211 1980 269 2044 per
283 1959 440 2025 Boethum
456 1960 489 2023 iu
507 1957 635 2024 Scholia
651 1958 817 2022 transiisse
831 1959 998 2025 verisimile
1010 1967 1059 2026 cst
1073 1967 1220 2045 propter·

212 2099 251 2143 ea
275 2077 361 2162 quod
385 2079 472 2162 apud
495 2076 643 2143 Photiurn
669 2078 800 2155 desunt;
824 2078 875 2142 vix
899 2077 983 2143 enim
1007 2079 1159 2147 credibile
1172 2084 1224 2146 ast

210 2198 354 2283 glossas,
386 2219 467 2282 quas
498 2196 548 2262 bis
576 2197 689 2281 legerit
712 2196 862 2274 Photius‚
886 2197 972 2262 etin
996 2197 1112 2266 Boethi
1135 2206 1172 2266 et
1190 2198 1223 2263 iu

212 2316 380 2381 Atticistae
411 2315 530 2390 lexico,
564 2314 650 2399 apud
682 2335 753 2380 eum
777 2314 928 2397 periisso;
953 2315 1053 2380 multo
1077 2323 1224 2401 praestat

212 2433 343 2498 credere
368 2439 425 2498 aut
449 2433 508 2498 has
531 2432 655 2515 glossas
679 2453 699 2496 a
722 2429 902 2497 Scholiasta
922 2453 960 2497 ex
977 2433 1047 2517 ipso
1063 2433 1222 2500 rhetorico
1304 2515 1307 2533 ,

211 2552 314 2616 lexico
339 2551 519 2618 Pausaniae
544 2551 606 2633 (vel
629 2550 789 2635 Dionysii,
812 2552 968 2616 incertum
984 2552 1083 2636 euim)
1100 2553 1223 2616 desum-

212 2679 263 2734 tas
295 2691 366 2737 osse
397 2707 440 2718 —
471 2690 546 2734 nam
577 2668 734 2753 ampli0ra
766 2669 846 2734 haec
876 2669 979 2734 lexice
1002 2668 1101 2736 fuisse
1126 2691 1221 2754 quam

212 2787 307 2853 hodie
342 2809 383 2852 ex
414 2787 526 2853 Photio
560 2808 791 2872 auguraremur
821 2787 949 2871 saepius
980 2787 1074 2854 docet
1108 2789 1225 2854 Eusta-

214 2905 301 2972 thius
332 2944 376 2996 7·
404 2913 461 2973 aut
491 2928 531 2972 ex
559 2905 622 2972 alio
645 2904 749 2981 fonte,
773 2927 868 2988 quom
891 2905 1090 2990 ignoramus,
1114 2926 1225 2990 prove-

213 3025 307 3099 nisse.
402 3067 407 3080 ·
704 3031 709 3041 “

258 3142 392 3209 Praeter
426 3142 568 3227 glossas,
603 3164 684 3227 quas
720 3143 784 3207 iam
819 3143 983 3220 recensui,
1018 3142 1050 3206 in
1089 3141 1225 3208 Scholiis

214 3260 311 3326 hasce
341 3261 460 3338 inveni,
485 3282 620 3345 quarum
644 3266 756 3326 auctor
782 3261 949 3345 Dionysius
974 3260 1021 3325 rel
1044 3247 1224 3327 Pausanias

156 3385 159 3396 '
216 3399 286 3445 esse
309 3379 443 3445 videtur.

261 3495 364 3564 Schol.
400 3497 576 3583 Euthyphr.
609 3500 630 3562 4
662 3496 687 3563 G
721 3497 916 3574 ἐξηγητοῦ·
947 3503 997 3564 τοῦ
1028 3497 1094 3570 τοὺς
1125 3497 1226 3575 νόμους

216 3613 415 3691 ἐξηγουμένου.

262 3732 415 3801 Convenit
436 3733 498 3800 lex.
521 3734 600 3800 rhet.
624 3733 722 3799 Behlr.
747 3732 832 3810 252,
855 3733 893 3798 4:
916 3732 1115 3810 ἐξηγητής·
1133 3734 1227 3804 trois

251 4078 278 4144 1)
296 4077 402 4128 Glossae
418 4075 548 4125 κολλόπων
565 4079 592 4124 et
609 4071 727 4122 vanata
745 4072 844 4138 (Schol.
862 4072 939 4138 Legg.
963 4072 1025 4122 VII:
1043 4071 1093 4123 805
1104 4073 1149 4138 Ε),
1161 4088 1228 4138 quas

220 4171 351 4224 liettauer
371 4187 412 4238 pg.
435 4169 469 4220 93
490 4169 637 4219 Pausaniae
660 4168 793 4218 vindicare
810 4167 922 4231 mavult,
940 4167 1006 4216 rnihi
1023 4182 1055 4216 ex
1073 4167 1228 4233 Diogenisui

218 4269 251 4334 (s.
269 4267 404 4333 Hesychii)
421 4264 504 4315 lexico
522 4265 620 4328 petitae
637 4277 694 4314 esse
711 4262 841 4312 videntur.
866 4262 942 4312 Illam
960 4276 1039 4325 supra
1057 4277 1098 4326 pg.
1115 4261 1145 4311 ll
1159 4263 1229 4311 iuter

219 4366 317 4431 glossas
336 4363 526 4429 Diogenianeas
544 4361 636 4424 retuli3
658 4360 689 4408 de
706 4360 756 4408 hac
773 4374 846 4408 nunc
864 4372 964 4407 moneo.
